3156 4882
281 273 316 323 as
566 269 733 322 annonas
752 253 1112 324 mannsnnrnnusas.

279 437 415 503 veradus
444 458 519 500 cum
545 435 615 500 aliis
630 437 672 502 40
694 436 791 500 occisi
812 435 894 501 sunt.
937 438 1015 502 Piae
1038 443 1210 506 memoriae
1226 440 1401 526 Cunigimd

280 521 468 620 imperatrix
490 521 519 586 5.
542 520 624 584 Non.
647 519 761 583 Marcii
790 519 877 585 obiit.
922 520 1061 608 Eclipsis
1083 522 1158 586 solis
1180 525 1209 588 3.
1232 524 1305 589 Kal.
1327 525 1399 610 Iul,

172 605 359 670 runiaferra
380 606 410 686 6,
431 603 531 668 natali
553 604 655 668 sancti
677 603 763 668 Petri
784 603 928 690 apostoli,
951 604 1030 670 hora
1051 605 1115 670 diei
1137 609 1166 674 6.
1190 607 1318 690 accidit,
1340 611 1399 674 im-

304 698 426 754 eratore
454 696 530 752 tunc
558 686 713 773 placitum
741 708 814 751 cum
840 687 1035 773 primoribus
1064 692 1156 775 regni
1182 701 1335 756 tractante
1364 694 1398 756 in

203 712 468 868 ,trallerseburg
494 771 630 836 civitate.
674 769 844 834 Dedicatio
874 773 1057 836 monasterii
1085 773 1185 838 sancti
1206 773 1395 840 Michahelis

280 853 464 940 archangeli
496 855 530 918 in
561 852 801 918 Hildenesheim
828 857 857 919 3.
883 855 955 918 Kal.
983 855 1099 920 Octob.
1132 879 1190 942 per
1218 857 1394 922 Consula-

280 964 348 1005 nun
376 937 519 1002 eiusdem
550 936 612 1000 loci
646 938 833 1022 episcopum
861 959 934 1002 cum
965 940 1107 1002 maxima
1135 941 1182 1004 fre
1205 942 1313 1004 uentia
1339 964 1396 1040 po-

280 1021 438 1109 pulorum.
482 1021 671 1085 incendium
691 1019 874 1086 Altahensis
895 1023 1078 1086 monasterii
1100 1025 1128 1088 6.
1150 962 1224 1088 Kb.
1245 1025 1362 1090 Martir.

363 1105 600 1184 Ind.2,1034.
643 1105 822 1190 Imperator
851 1107 1049 1170 nativitatem
1079 1106 1198 1172 Christi
1224 1107 1334 1172 Mindo
1365 1117 1396 1174 et

170 1207 227 1262 sps.
235 1209 270 1251 14.
280 1189 401 1338 paseha
422 1187 624 1272 Reinesburg
645 1189 780 1253 feriavit.
824 1189 862 1252 ln
876 1188 980 1253 natale
994 1190 1127 1253 Domini
1148 1191 1190 1255 ad
1212 1214 1285 1255 eum
1299 1191 1397 1338 legati

303 1275 479 1339 iversarum
501 1273 644 1370 gentium
673 1293 747 1336 cum
769 1273 897 1358 optimis
927 1272 1187 1358 multimodisque
1208 1275 1334 1338 muneri
1357 1297 1395 1339 us

280 1366 450 1438 venerunt;
473 1357 581 1440 ib1que
596 1355 793 1436 Hildericho,
817 1357 873 1440 qui
888 1355 1095 1420 Altmannum
1113 1357 1280 1438 interfecit,
1302 1360 1398 1424 inter-

281 1441 423 1504 cessione
446 1439 659 1524 imperatricis
683 1447 714 1503 et
735 1439 879 1525 episcopi
893 1437 1173 1522 Halberstatensis,
1195 1441 1396 1506 incolomitas

279 1525 406 1589 vitaee
441 1546 474 1588 re
500 1523 593 1588 eticio
646 1523 744 1589 atriae
768 1522 962 1590 conceditur.
1005 1523 1045 1588 ln
1072 1523 1194 1610 pascali
1211 1547 1287 1590 vero
1307 1525 1395 1590 festi·

280 1609 378 1673 vitate
407 1533 484 1672 lida
513 1607 582 1670 icus
614 1545 820 1669 Iloemiorum
852 1605 920 1668 dux
957 1616 1089 1690 optentu
1120 1609 1332 1692 imperatricis
1365 1618 1398 1674 et

279 1691 482 1836 principuma
503 1691 537 1752 in
555 1690 662 1834 gratia
684 1688 723 1752 de
753 1687 849 1751 exilio
877 1688 1008 1752 domum
1035 1690 1140 1754 redire
1185 1693 1339 1756 romeruit
1365 1702 1397 1756 et

303 1782 415 1837 ucatus
438 1773 487 1834 sui
501 1793 552 1834 me
576 1772 713 1852 ietatem,
736 1791 793 1834 suo
816 1771 911 1834 fratre
928 1769 1075 1834 Germiro
1098 1794 1149 1836 me
1176 1773 1301 1838 'etatem
1323 1775 1396 1838 reti-

279 1863 390 1934 nente,
422 1855 570 1938 suscepit.
614 1854 689 1918 Udo
710 1853 844 1935 iuvenis,
865 1851 948 1916 filius
972 1851 1098 1919 Ottonis
1121 1856 1246 1921 comitis
1268 1857 1307 1921 de
1329 1857 1395 1920 Ha-

280 1939 445 2019 merstein,
474 1936 561 2002 obiit.
615 1937 792 2022 Imperator
819 1937 936 2001 iterum
967 1937 1029 2001 hoc
1061 1960 1144 2003 anno
1173 1940 1397 2038 Burgundiam

281 2036 355 2086 curn
390 2021 504 2105 grandi
534 2021 678 2086 exercitu
704 2021 836 2084 intravit
872 2029 904 2084 ct
931 1997 1079 2085 Cdonem
1099 2024 1176 2088 item
1197 2032 1397 2088 resrstentem

280 2105 406 2190 fugavit
427 2105 624 2190 eandemque
644 2105 807 2188 regionem
826 2102 973 2169 fidelibus
989 2107 1064 2188 suis,
1088 2107 1143 2192 qui
1158 2108 1187 2172 ei
1201 2106 1299 2170 fidem
1313 2107 1396 2171 iura·

281 2198 388 2252 mento
421 2188 606 2269 firmabant,
641 2186 906 2251 commendavitl.
956 2188 1185 2274 Meginhardus
1213 2189 1396 2254 Wernibur-

282 2273 389 2358 gensis
410 2270 518 2369 presul
540 2271 581 2335 ad
603 2269 765 2336 Christum
788 2271 953 2354 migravit3
982 2282 1056 2358 post
1078 2294 1174 2358 quem
1196 2273 1314 2355 Brona,
1338 2295 1397 2419 pa·

204 2353 625 2440 r.ss·.truelis1mperatoris,
655 2353 860 2434 subintravit,
888 2378 909 2417 A
930 2379 994 2420 ono
1016 2379 1129 2420 onnus.
1177 2357 1336 2421 Warmun
1359 2379 1396 2420 us

283 2438 489 2504 Constantiae
521 2439 651 2502 antistes
685 2438 773 2503 obiit.
824 2437 886 2502 Cui
916 2438 1014 2504 frater
1044 2439 1112 2503 eius
1144 2438 1256 2524 Eppo,
1289 2439 1396 2521 regius

282 2520 474 2608 capellanus,
498 2523 660 2587 suecessit.
703 2520 801 2586 Plura
822 2532 853 2587 et
873 2519 999 2586 insolita
1027 2521 1112 2586 bella
1139 2523 1222 2586 inter
1241 2521 1394 2586 Luitiaios

284 2615 316 2670 et
335 2614 493 2687 nostrates
514 2605 556 2668 ad
578 2605 733 2693 oppidum
754 2605 896 2670 Wirbini
918 2613 1031 2670 exorta
1054 2615 1137 2687 sunt,
1165 2607 1199 2668 in
1221 2605 1335 2691 quibus
1357 2603 1398 2670 de

282 2690 399 2754 nostris
421 2687 552 2774 quidam
572 2689 729 2754 interfecti
749 2699 823 2754 sunt
845 2699 877 2752 et
901 2687 1046 2776 plerique
1067 2690 1208 2754 sauciati.
1251 2689 1398 2752 Peccatis

283 2774 380 2838 etiam
401 2773 516 2836 nostris
538 2772 593 2836 ah!
617 2774 674 2835 ah!
698 2793 806 2836 coram
821 2772 893 2836 Deo
915 2773 1181 2857 promerentibus,
1202 2771 1398 2836 laudandum

283 2866 315 2920 et
354 2853 538 2920 honorabile
569 2855 756 2920 exercitium
787 2854 977 2919 venerabilis
1008 2857 1070 2919 viri
1102 2857 1300 2920 Bnauwlnnr
1333 2856 1398 2918 ei-

282 2940 383 3037 scopi,
405 2939 632 3002 monasterium
648 2937 768 3002 scilicet
788 2939 890 3002 sancti
903 2937 1089 3002 Michahelis
1111 2937 1303 3022 archangeli,
1324 2877 1397 3003 Khl

283 3023 370 3086 Iunri
390 3023 424 3086 in
437 3021 548 3119 vigilia
568 3030 772 3108 pentecosten
794 3020 836 3086 ad
855 3043 1023 3108 vesperam
1044 3021 1176 3086 fulmine
1197 3021 1400 3086 combustum

283 3116 316 3169 et
336 3103 557 3170 miserab1liter
584 3115 633 3170 est
660 3105 895 3171 deterioratum.
938 3104 1083 3169 Misacho
1104 3104 1309 3171 Polianorum
1332 3106 1401 3170 dux

283 3189 442 3252 inmatura
455 3198 557 3252 morte
578 3190 706 3270 interiit,
728 3198 760 3252 et
774 3189 961 3253 cristianitas
983 3187 1103 3253 ibidem
1118 3211 1137 3252 a
1152 3191 1217 3254 suis
1238 3187 1399 3274 prioribus

283 3271 366 3336 bene
388 3270 536 3334 inchoata
557 3279 588 3335 et
610 3294 629 3335 a
648 3293 681 3336 se
696 3271 810 3336 melius
832 3271 992 3354 roborata,
1014 3271 1170 3356 flebiliter,
1192 3270 1398 3359 prohdolor!

284 3363 439 3449 disperiit.
470 3362 658 3429 Praedictus
680 3385 807 3450 quoque
823 3339 1013 3428 Cdalriohus
1040 3365 1210 3428 Boemicus
1238 3365 1306 3429 dux
1327 3365 1400 3450 post

283 3447 515 3528 reversionem,
543 3447 640 3512 fratre
667 3457 813 3528 caecato,
845 3445 911 3513 filio
938 3447 1064 3534 fugato,
1096 3449 1173 3513 item
1200 3458 1398 3514 sacramenta

284 3530 475 3616 refringens,
505 3529 683 3596 infidelitati
711 3531 836 3612 institit,
870 3541 902 3596 et
923 3531 1052 3596 tandem
1080 3531 1114 3612 in
1142 3552 1221 3596 cena
1247 3531 1399 3612 residens,

285 3614 358 3679 cibo
380 3625 523 3701 potuque
538 3615 710 3679 suffocatus
725 3615 879 3680 extabuit.
924 3617 1008 3696 Quia
1023 3637 1098 3702 ergo
1121 3617 1171 3680 ius
1192 3614 1306 3700 fasque
1325 3634 1398 3677 con-

285 3700 416 3784 tempsit
444 3707 475 3763 et
501 3708 576 3784 post
595 3707 662 3762 tam
688 3695 780 3783 plura
800 3698 978 3764 iuramenta
1003 3701 1118 3784 priscis
1138 3700 1255 3764 iterum
1275 3695 1398 3761 insidiis

285 3783 454 3864 consensit,
477 3782 561 3846 unde
583 3780 730 3846 fidelibus
753 3780 873 3846 Christi
894 3782 1030 3848 salubris
1050 3783 1236 3867 providetur
1257 3779 1397 3862 refecti0,

285 3864 360 3930 inde
381 3865 428 3930 illi
448 3866 533 3930 iusta
552 3887 610 3951 pro
639 3867 747 3950 pravis
769 3865 835 3929 suis
856 3867 977 3930 meritis
997 3868 1086 3930 venit
1106 3865 1293 3930 interiectio.
1335 3863 1399 3927 Eo-

285 3948 360 4012 dem
387 3971 469 4014 anno
499 3949 700 4014 Thietmarus
722 3948 896 4014 Vardensis
925 3949 1096 4036 episcopus
1125 3950 1153 4014 7.
1175 3947 1247 4012 Kal.
1269 3945 1329 4012 Iul.
1357 3945 1401 4011 ad

287 4031 451 4097 Christum
473 4034 632 4118 migravit.

375 4173 398 4227 a)
413 4177 569 4227 principtpum
584 4188 641 4220 corr.
656 4177 788 4228 principum
803 4189 821 4220 c.
882 4175 906 4228 b)
923 4175 1117 4218 commendadtvit
1131 4187 1148 4218 c.
