3156 4882
371 307 376 312 ’
412 338 577 390 iuraras
596 338 956 391 manasserunusas.
1226 338 1260 388 aa

141 503 271 589 cipibus
292 506 326 568 in
347 506 551 570 concordiam
573 527 647 568 cum
668 505 860 590 imperatore
881 505 1029 570 sociatur.
1114 505 1259 570 Infesto

22 613 23 642 1
143 599 351 687 pentecosten
364 589 453 676 apud
466 588 690 675 Magadeburg
711 589 851 674 primum
859 589 1033 736 sprincipes
1047 590 1138 674 regni
1153 612 1261 654 coram
1270 609 1316 650 nar
1327 609 1363 650 aa

142 683 335 760 rmperatore
363 674 578 738 firmissimam
604 695 718 758 pacem
745 672 833 736 domi
874 674 1001 759 orisque
1028 673 1070 738 ad
1094 675 1134 737 10
1160 695 1260 739 annos

22 765 24 788 ³
142 759 336 823 iuraverimt.
421 759 460 822 In
481 757 562 821 festo
584 757 687 821 sancti
707 755 893 821 Michahelis
914 758 948 820 in
972 756 1043 822 loco
1066 758 1122 844 qui
1143 757 1261 824 dicitur
1270 767 1332 819 Sem·
1343 768 1379 811 ²⁹·

22 867 23 870 ¹
143 841 354 906 Mulenhuscn
376 841 559 923 Oonradus‚
587 841 684 906 frater
705 841 860 905 Friderici
880 840 981 924 ducis,
1008 842 1192 928 imperatori
1213 866 1261 909 re-

148 925 344 1076 concllldldlr·
372 1009 513 1095 irruptio
543 1006 713 1074 Slavcrum
745 1008 779 1071 in
810 1018 917 1094 partes
941 1007 1117 1092 Saxoniae3
1151 1020 1260 1075 contra

143 1115 225 1180 quos
246 1091 439 1159 Adelbertus
467 1092 610 1156 marchio
637 1093 814 1158 exercitum
834 1115 983 1175 movens,
1010 1104 1127 1158 terram
1150 1117 1261 1159 eorum

22 1185 32 1210 1'
145 1199 212 1241 non
232 1177 331 1242 semel
351 1175 507 1242 hostiliter
528 1177 644 1241 invasit
665 1186 697 1240 ct
718 1175 930 1276 depopulatus
953 1187 1009 1242 est.
1095 1177 1191 1244 Oirca
1212 1200 1260 1243 as-

142 1263 359 1348 sumptionem
381 1270 508 1326 sanctae
521 1261 642 1326 Mariae
657 1283 699 1326 ex
722 1260 819 1325 edrtro
841 1263 1041 1345 rmperatoris
1064 1263 1097 1326 in
1110 1262 1329 1327 Ytaliammur.
1341 1277 1377 1320 1⁶·

231 1345 321 1410 1137.
363 1346 542 1432 Imperator
562 1343 666 1409 natale
723 1346 831 1427 omini,
853 1343 998 1408 similiter
1018 1355 1051 1410 et
1070 1346 1201 1432 pascha,
1227 1348 1372 1413 inor-11.

22 1461 23 1508 j
142 1427 236 1493 Italia
257 1427 410 1512 celebrat,
463 1438 644 1494 entecosten
664 1450 741 1493 vcro
769 1428 857 1514 apud
877 1429 997 1492 Barum
1024 1453 1099 1495 cum
1121 1430 1263 1516 generali

146 1512 318 1601 [conventu
327 1514 351 1603 ³]
382 1452 567 1578 Italicorum
598 1514 792 1600 principum.
845 1511 897 1576 Ibi
923 1513 1032 1579 Bruno
1061 1513 1261 1580 Coloniensis

22 1611 24 1664 ῗ
145 1597 404 1684 archiepiscopus
432 1598 526 1680 obiit3
555 1599 609 1661 cui
629 1597 741 1682 Hugo,
772 1597 911 1661 decanus
934 1597 1045 1662 Sancti
1066 1599 1162 1681 Petri,
1192 1621 1261 1662 suc·

22 1691 23 1702 ³
141 1682 257 1764 cessit;
280 1683 335 1780 qui
357 1693 389 1748 et
409 1683 477 1768 ipse
499 1692 573 1780 pcst
594 1703 715 1766 paucos
737 1682 805 1780 dies
830 1679 950 1780 ibidem
973 1681 1068 1781 obiit3
1097 1683 1143 1748 ihi
1164 1682 1260 1747 ambo

22 1783 24 1860 ss
143 1765 263 1830 conditi
283 1776 397 1835 iacent.
481 1767 636 1852 Prrnceps
657 1763 795 1851 Apuliae
817 1765 914 1830 Romr
934 1788 1078 1851 nomme,
1105 1765 1146 1832 ob
1169 1769 1260 1832 ouius

142 1849 346 1915 insolentiam
368 1851 509 1914 maxime
530 1851 703 1935 imperator
723 1849 849 1914 Italiam
869 1851 1052 1933 intraverat,
1078 1853 1189 1916 statuit
1210 1873 1261 1915 ca

141 1943 243 1997 strum
265 1935 341 1997 satis
363 1937 521 1997 munitum
541 1934 576 1996 in
597 1934 668 2018 ipso
689 1931 787 1997 latere
810 1933 945 1996 civitatis
966 1933 1086 2018 Barae3
1117 1936 1151 1998 in
1174 1935 1260 2020 quod

143 2028 283 2082 castrum
305 2015 540 2080 multitudinem
561 2015 743 2102 predonum
765 2014 990 2099 collocaverat,
1012 2019 1067 2102 qui
1089 2027 1173 2083 terra
1194 2041 1260 2082 ma-

22 2129 23 2190 3
141 2101 243 2199 rique,
267 2101 415 2199 quoquob
437 2101 593 2199 attingere
614 2109 771 2187 poterant,
791 2098 944 2198 inauditis
966 2101 1102 2166 miseriis
1125 2114 1157 2167 et
1178 2101 1260 2165 cala-

22 2217 23 2220 *
142 2184 306 2250 mrtatibus
326 2207 473 2270 regmnes
488 2185 721 2271 cpprrmebant.
765 2183 868 2248 Srmih
882 2183 978 2248 modo
1000 2208 1059 2271 per
1071 2195 1172 2250 totam
1193 2188 1260 2252 fere
1269 2200 1285 2241 f·
1296 2200 1332 2241 68·

141 2267 268 2332 Italiam
288 2268 415 2334 fecerat.
448 2270 637 2333 Pentecoste
652 2267 820 2348 celebrata,
843 2269 1015 2354 imperator
1030 2279 1170 2334 castrum
1185 2293 1259 2334 cum
1269 2284 1317 2325 Mai
1327 2283 1363 2323 ³⁰·

141 2354 287 2418 exercitu
308 2352 500 2436 circumdat3
524 2351 611 2438 quod
632 2353 731 2416 nimio
754 2351 870 2416 sudore
892 2375 1090 2439 expugnans,
1111 2355 1178 2440 igni
1199 2364 1261 2419 tra-

142 2435 191 2501 dit
218 2437 351 2523 soloque
377 2447 522 2525 coequat.
576 2435 738 2501 Predones
765 2436 986 2522 comprehensi
1012 2439 1158 2525 suspensi
1187 2450 1261 2504 sunt

143 2522 230 2585 circa
250 2524 363 2586 turrim
385 2530 532 2586 exustam
554 2541 686 2585 numero
709 2521 876 2606 quingenti
889 2519 942 2584 vel
957 2543 995 2584 eo
1010 2521 1157 2607 amplius.
1187 2523 1260 2603 Quo

141 2612 263 2669 terrore
279 2606 380 2669 omnis
395 2606 518 2686 civitas,
541 2605 643 2669 omnis
658 2605 790 2668 munitio
805 2605 912 2690 regiae
926 2627 961 2669 se
982 2607 1133 2690 potestati
1153 2606 1260 2671 tradit.

143 2687 232 2752 Exin
253 2690 474 2775 imperatorin
491 2687 672 2754 Calabriam
694 2689 849 2752 transivit.
892 2688 943 2753 Ibi
964 2688 1061 2774 legati
1082 2688 1260 2754 Grecorum

141 2769 185 2835 ad
207 2795 281 2837 eum
303 2773 472 2858 magnifice
486 2773 629 2854 veniunt,
674 2793 733 2836 uos
755 2774 824 2871 ipse
838 2773 1096 2858 magnificentius
1119 2775 1261 2874 suscepit

22 2889 23 2918 ;
140 2877 182 2920 ac
203 2856 333 2922 dimisit.
417 2855 608 2921 Adclbertus
673 2865 842 2942 ogontrnus
871 2855 1129 2944 archiepiscopus
1163 2859 1258 2942 obi1t3

140 2951 217 3026 post
245 2942 335 3005 cuius
365 2940 488 3006 obitum
510 2941 624 3005 civitas
652 2963 717 3004 una
744 2963 818 3004 cum
844 2941 1014 3027 principali
1043 2941 1161 3028 templo
1183 2945 1258 3028 igne

143 3036 346 3090 concremata
359 3035 417 3090 est.
480 3025 636 3110 Marchyo
650 3023 854 3107 Adelbertns,
878 3023 1010 3103 collecta
1023 3025 1130 3090 valida
1152 3049 1257 3110 manu,

22 3111 24 3134 ³
142 3107 284 3194 hyemali
304 3119 448 3196 tempore
470 3119 586 3175 terram
609 3107 778 3174 Slavorum
799 3108 1026 3194 predahundus
1034 3109 1257 3257 (perambulat.

22 3209 23 3248 ἐ
142 3192 330 3280 Imperator,
353 3194 449 3259 rebus
469 3195 504 3258 in
526 3193 618 3258 Italia
632 3193 827 3278 compositis,
850 3194 883 3257 in
904 3194 975 3279 ipso
997 3217 1033 3259 re

1055 3195 1103 3258 itu
1125 3196 1154 3258 2.
1175 3194 1257 3264 Non.
1267 3205 1325 3246 Μ·
1334 3201 1357 3245 ⁴·

22 3339 23 3352 ,
142 3275 335 3342 Decembris
358 3277 450 3362 obiit3
474 3299 512 3342 co
552 3299 654 3365 usquc
676 3279 744 3342 eius
767 3275 907 3342 delatum
927 3278 961 3340 in
986 3279 1140 3364 patriam,
1170 3291 1274 3366 sepe·'

140 3357 219 3425 litur
244 3363 334 3447 regio
362 3385 451 3427 more
477 3363 511 3425 in
561 3361 713 3426 cruditate
734 3371 884 3448 paterna,
913 3363 946 3426 in
973 3361 1043 3427 loco
1066 3363 1121 3448 qui
1143 3362 1261 3428 dicitur

22 3485 23 3490 κ
143 3444 318 3510 Lutheron.

231 3607 256 3661 a)
272 3609 328 3650 dam
339 3621 360 3650 -σ,
421 3606 445 3660 h)
459 3589 550 3658 ¹quoqne
566 3620 584 3648 c.

524 3867 902 3898 *⁶¹*—
