3156 4882
237 1453 256 1497 t.
264 1453 310 1496 54¹.

241 3112 305 3157 ωδ·
397 3105 511 3170 Senior
536 3113 645 3169 noster

320 271 356 322 44
502 323 507 331 ,
606 268 773 322 ANNALES
793 269 1151 322 HILDESHEIMENSES.

321 435 352 502 O
374 458 450 522 ergo
466 435 590 502 occulta
604 435 732 502 divinae
754 437 1000 524 dispensationis
1020 437 1150 519 iudicia,
1172 435 1362 503 admiranda
1382 459 1438 524 pa

319 521 396 619 riter
417 528 449 619 et
469 519 649 620 metuenda,
671 521 728 606 qui
748 522 920 619 priori-die
942 522 1083 584 maximo
1106 519 1277 618 mundialis
1300 545 1438 622 pompae

319 605 459 735 tripudio
474 626 534 668 rex
548 614 580 669 et
600 613 774 703 1mperator
793 605 878 668 orb1s
893 613 1062 670 coronatus
1083 613 1249 702 processrt,
1270 609 1439 705 posteriori

319 687 376 752 ah.
399 687 456 751 ah!
481 687 533 752 die
546 689 633 753 viam
648 710 814 754 umversae
834 689 938 752 camis
960 689 1133 774 ingressus,
1156 689 1235 752 cims
1256 711 1438 776 vermisque

318 772 461 854 futurus,
492 771 652 854 discessit,
674 772 735 835 nisi
758 771 845 919 puod
866 794 940 836 vere
963 793 1163 869 speramus,
1176 771 1260 857 quia,
1284 773 1438 860 quioquid

319 854 488 921 carnaliter
520 856 680 920 contraxit
700 877 763 939 neg
775 856 936 940 egentiae,
968 877 1028 940 pro
1061 854 1122 919 hoc
1153 877 1188 918 1n
1219 854 1436 921 defensionem

319 941 444 1004 animae
466 962 526 1026 sup
550 937 656 1005 licatio
677 939 846 1004 intervenit
859 937 1042 1004 aecclesiae.
1075 938 1151 1020 Sed,
1173 948 1209 1002 ut
1230 939 1361 1024 quidam
1375 941 1436 1006 ait:

581 1021 627 1086 nil
648 1043 749 1106 gnara
769 1023 819 1086 sui
839 1021 987 1086 mortalia
1006 1031 1137 1108 pectora
1157 1021 1227 1086 fati!

319 1106 441 1172 Verum
467 1116 503 1171 ut
531 1107 637 1170 verius
659 1107 818 1170 dicamus:
862 1104 891 1170 Ο
914 1105 1011 1188 dura,
1040 1113 1071 1170 et
1091 1116 1127 1171 ut
1147 1106 1182 1168 in
1210 1107 1290 1191 pace
1311 1103 1435 1192 loquar,

317 1213 448 1277 prorsus
469 1187 667 1255 insensibilia
686 1190 818 1254 humani
838 1191 964 1274 generis
986 1189 1095 1254 corda!
1119 1191 1205 1274 quia,
1227 1190 1261 1252 in
1283 1211 1346 1275 quo
1364 1191 1435 1254 viro

318 1297 401 1360 pene
423 1274 528 1338 tocius
551 1273 637 1337 orbis
660 1273 766 1358 capud
787 1273 952 1358 virtusque
980 1273 1131 1354 concidit,
1159 1273 1289 1336 adeius
1312 1273 1434 1339 obitum

318 1366 385 1422 tam
406 1358 547 1422 subitum
568 1365 698 1442 tamque
719 1355 933 1441 periculosum
955 1378 1031 1421 sane
1051 1355 1156 1420 nullus
1177 1357 1341 1441 ingemuit.

446 1439 544 1504 Hunc
565 1449 670 1504 rector
690 1463 803 1525 regum
825 1439 984 1503 Dominus
1007 1439 1126 1505 soletur
1147 1441 1182 1502 in
1203 1463 1313 1522 evum3

528 1523 611 1588 Cum
632 1524 740 1608 pueris
762 1521 915 1587 Habrahe
935 1525 1024 1587 vivat
1044 1525 1128 1588 etin
1149 1525 1272 1609 requie!

403 1606 469 1671 Sed
489 1606 657 1670 filiuseius
673 1605 1033 1688 domnusHsnvmonus,
1054 1607 1088 1669 in
1110 1609 1197 1670 omni
1219 1607 1350 1693 quidem
1371 1609 1434 1673 vir·

316 1698 422 1754 tutum
449 1687 646 1753 exhibitione
674 1698 917 1772 perstrennuus,
946 1699 1019 1754 ante
1049 1687 1171 1754 scilicet
1198 1691 1232 1753 in
1261 1691 1434 1776 specialem

315 1773 408 1856 regni
422 1770 638 1835 monarchiam
653 1770 793 1856 generali
808 1771 884 1836 oleri
904 1771 1079 1858 populique
1099 1769 1329 1871 praelectione³
1345 1797 1432 1840 coro-

316 1868 419 1937 natus,
434 1877 519 1918 nune
534 1865 641 1919 autem
656 1855 724 1918 sine
740 1857 855 1940 quavis
871 1855 1128 1920 contradictionrs
1140 1855 1292 1940 molestia,
1309 1881 1433 1923 summa

316 1939 540 2004 christianismi
563 1938 742 2022 concordia,
765 1939 843 2004 solio
865 1941 982 2025 patrm,
1009 1940 1081 2004 Deo
1103 1941 1236 2025 gratias!
1267 1952 1316 2006 est
1336 1943 1432 2008 intro-

317 2024 451 2087 nizatus.

463 2107 567 2188 Quem
589 2107 679 2170 Deus
700 2107 734 2169 in
754 2107 851 2170 finem
874 2117 1040 2171 conservet
1059 2108 1118 2170 rite
1141 2105 1282 2191 senilem,

545 2190 589 2254 Et
609 2188 754 2272 placidus
775 2189 891 2273 placito
914 2190 955 2252 sit
975 2190 1047 2273 pius
1067 2191 1078 2251 i
1103 2212 1137 2253 se
1159 2191 1233 2254 suo!

401 2272 589 2338 Ohonradus
612 2272 854 2337 Carentinorum
876 2271 953 2351 dun,
975 2213 1127 2354 patruelis
1149 2271 1310 2336 Ohonradi
1330 2273 1375 2336 im
1400 2299 1430 2340 e-

315 2357 444 2439 ratoris,
477 2358 524 2421 13.
547 2354 619 2420 Kal.
640 2353 694 2417 Au
740 2355 780 2418 sti
800 2355 958 2418 inmatura
979 2364 1093 2436 morte,
1121 2355 1209 2438 regio
1238 2355 1351 2419 morbo
1397 2359 1430 2421 'u

314 2441 476 2526 fatigatus,
497 2439 652 2504 discessit.
724 2439 816 2502 odem
831 2437 883 2502 die
897 2436 1096 2502 venerandae
1110 2437 1281 2502 memoriae
1295 2438 1431 2502 Rihhar-

315 2524 375 2588 dus
390 2524 491 2590 abbas
506 2522 677 2588 Fuldensis
699 2522 786 2587 obiit.
819 2521 859 2586 In
873 2521 963 2585 cuius
985 2520 1092 2585 locum
1108 2521 1318 2586 Sreswnnnus
1340 2523 1428 2588 iuve-

313 2611 373 2689 nis,
396 2605 438 2670 ab
460 2609 531 2692 ipso
554 2629 591 2670 eo
613 2606 676 2670 loci
696 2607 731 2669 in
752 2605 859 2671 divino
882 2605 1049 2670 servimine
1071 2604 1259 2690 regulariter
1281 2616 1312 2671 et
1333 2607 1429 2670 etiam

314 2692 475 2774 sapienter
497 2691 662 2768 enutritus,
689 2689 815 2754 insedit.
858 2689 994 2752 Hisdem
1017 2687 1130 2754 diebus
1152 2687 1309 2753 Radulfus
1330 2691 1432 2755 abbas

315 2772 355 2836 de
370 2773 488 2836 Diuzi¹
512 2773 622 2836 obivit.
649 2774 706 2836 Pie
728 2773 760 2834 in
777 2771 905 2837 Christo
917 2771 1107 2837 venerabilis
1124 2774 1297 2836 memoriae
1312 2773 1430 2838 domna

315 2855 435 2920 Sorms
457 2857 487 2919 6.
509 2853 582 2918 Kal.
604 2853 700 2918 Febr.
730 2855 818 2918 obiit.
863 2854 931 2936 Sed
949 2853 1023 2917 huic
1044 2856 1078 2916 in
1100 2853 1317 2920 Gandesheim
1339 2880 1433 2922 soror

314 2943 383 3004 eius
403 2940 607 3017 Annnnnrnr,
629 2935 890 3020 Quidelingensis
913 2935 1040 3018 domna,
1062 2939 1222 3002 successit.
1265 2939 1310 3004 Et
1330 2940 1427 3008 abba-

312 3023 391 3086 tiam
412 3021 567 3086 Aesnidi¹
589 3019 799 3168 Theophanu,
820 3021 925 3106 neptis
946 3041 1065 3103 earum,
1088 3020 1233 3087 obtinuit.

702 3103 874 3168 hietmarus
901 3105 1073 3189 episcopus
1102 3115 1176 3190 post
1203 3105 1326 3170 obitum
1357 3130 1430 3193 pre-

313 3188 417 3252 dictae
446 3188 582 3252 domnae
604 3187 743 3272 Sophiae
770 3187 911 3251 decimas
938 3209 1035 3272 super
1061 3187 1265 3254 (landeshem
1293 3191 1427 3254 circum·

312 3272 515 3357 iacentesque
536 3269 672 3354 villulas,
695 3293 775 3356 quas
802 3271 873 3355 ipsa
901 3292 921 3334 a
941 3271 1057 3335 nostris
1078 3272 1256 3337 senioribus
1277 3275 1311 3337 in
1332 3272 1430 3339 bene-

312 3357 422 3420 ficium
443 3354 570 3436 habuit,
600 3356 633 3417 in
655 3377 745 3418 suam
766 3356 954 3419 vestituram
975 3355 1077 3440 recipi
1097 3356 1203 3439 iussit3
1227 3358 1280 3420 cui
1301 3357 1427 3422 Bezooa

335 3440 477 3526 reposita
503 3459 578 3502 cum
607 3439 672 3502 suis
701 3438 879 3504 fautoribus
900 3437 1014 3502 frivola
1041 3437 1276 3504 machinatione
1303 3443 1426 3505 restitit.

311 3461 447 3587 llasmet
468 3522 608 3587 decimas
629 3524 699 3607 ipse
719 3520 826 3603 modo,
851 3520 1014 3587 abbatissa
1034 3521 1230 3604 adveniente,
1277 3522 1430 3588 ontifioali

311 3608 498 3672 auctoritate
529 3605 680 3705 repetivit
705 3626 821 3691 easque
849 3627 907 3690 per
928 3627 1059 3670 manum
1085 3606 1233 3671 advocati
1252 3545 1427 3671 IShristiani

312 3691 436 3755 comitis
451 3711 524 3754 oum
539 3689 637 3773 drgna
651 3687 864 3754 satisfactione
878 3689 913 3752 in
929 3689 1101 3787 proprium
1116 3691 1184 3754 sine
1201 3689 1313 3776 quavis
1331 3689 1425 3753 inter-

310 3773 448 3839 dictione
475 3773 505 3840 5.
534 3771 608 3838 Kal.
637 3771 751 3838 Octob.
780 3773 897 3859 recipit
927 3795 961 3837 1n
993 3773 1090 3837 choro
1122 3771 1310 3858 aquilonali3
1344 3794 1424 3858 quas

309 3867 423 3944 postea
455 3855 559 3922 eidem
593 3854 684 3922 altari
712 3864 744 3920 et
770 3855 930 3922 abbatisse
958 3853 1106 3922 beneficii
1133 3856 1249 3942 gratia,
1283 3856 1429 3942 quandiu

399 4018 422 4072 a)
438 4021 506 4072 plcet.
521 4030 539 4060 c.
589 4072 593 4084 ‘

403 4148 431 4217 1)
450 4149 545 4202 Denta.
622 4145 651 4215 2)
673 4149 768 4204 neren.
