3156 4882
431 316 598 368 auulsas
617 315 978 370 nrtnnsnmunusss.
1156 281 1159 288 ’
1231 318 1266 368 or

147 485 239 549 densi
254 483 428 549 aecclesiae
449 483 521 548 loco
537 483 681 569 episcopi
702 483 898 548 intruserunt
919 493 951 548 et
973 483 1050 568 quia
1064 483 1267 569 Heynricum

147 569 480 655 Magcdcburgensem
503 567 671 632 ordinavit.
706 565 864 632 Omnibus
886 565 932 629 ibi
953 565 1118 631 aecclesiis
1139 589 1160 630 a
1183 576 1267 632 osto·

145 652 228 717 licus
242 651 432 732 libertatem,
453 661 490 715 ut
504 673 546 716 ex
560 660 713 739 precepto
728 673 886 715 canonum
906 649 1045 736 prelatos
1061 651 1123 716 sibi
1137 589 1265 737 edgant,

149 759 229 824 quos
252 736 366 822 dignos
386 735 535 818 viderint,
556 737 703 800 restituit.

234 821 325 885 1109.
368 819 539 906 Eclypsis⁸
560 819 635 884 solis
656 819 741 883 facta
763 829 812 884 est
825 820 856 882 2.
870 816 944 882 Kal.
958 819 1030 884 Iun.
1072 817 1185 883 Plures
1206 818 1288 884 ful-r
1300 842 1336 885 ar.

147 905 232 969 mine
253 905 425 990 perierunt.

229 988 439 1075 Arcbiepisco
463 1011 502 1052 us
525 985 677 1053 Coloniae
697 985 891 1067 Fridericus,
917 985 1027 1050 Bruno
1049 985 1264 1072 Treverensis,

146 1071 355 1137 cancellarius
376 1010 584 1154 Adelbertus,
614 1092 721 1135 comes
742 1070 959 1134 Herimannus
985 1069 1025 1135 de
1045 1069 1266 1138 Wincoburch

146 1155 265 1242 aliique
291 1158 454 1242 principes
480 1157 556 1220 satis
578 1153 656 1219 clari
676 1154 812 1218 Romam
839 1176 913 1217 cum
939 1175 1059 1239 pompa
1078 1175 1142 1217 non
1164 1176 1266 1240 parva

147 1239 285 1323 vadunt,
317 1243 399 1305 inter
430 1241 583 1305 domnum
614 1237 825 1325 apostolicum
856 1249 888 1302 et
918 1260 1029 1323 regem
1061 1239 1265 1304 concordiam

146 1325 271 1389 facturi.
314 1325 463 1388 Domnus
477 1322 672 1411 apostolicus
688 1323 775 1386 omni
795 1323 994 1408 paternitate,
1017 1324 1105 1386 omni
1118 1345 1264 1388 mansue-

28 1419 32 1426 '
145 1407 258 1473 tudine
287 1430 362 1473 eum
389 1430 423 1472 se
452 1417 662 1493 excepturum
690 1405 842 1492 spondet,
872 1407 900 1470 si
928 1407 998 1492 ipse
1027 1428 1061 1472 so
1089 1416 1126 1471 ut
1152 1429 1264 1507 regem

147 1490 349 1574 catholicum,
378 1502 415 1556 ut
435 1490 608 1558 aecclesiae
627 1489 729 1554 filium
756 1500 788 1555 et
813 1490 1026 1573 defensorem,
1056 1495 1092 1555 ut
1117 1492 1263 1558 iustiorac

147 1587 324 1640 amatorem
347 1585 476 1641 sanctae
497 1577 660 1640 Romanae
682 1574 750 1639 sedi
772 1572 947 1640 exhiberet.

233 1661 323 1742 1110,
344 1659 410 1724 ind.
426 1661 457 1724 2.
492 1659 574 1724 Non.
589 1659 683 1724 Mart.
698 1657 840 1744 synodus
854 1658 993 1743 gloriosa
1010 1659 1044 1722 in
1056 1657 1264 1724 Laterancnsi

145 1742 301 1808 aecclesia
321 1743 503 1830 presidente
525 1743 655 1808 domino
680 1765 767 1830 papa
789 1741 936 1806 Paschali
958 1741 1145 1808 celebratur.
1188 1743 1263 1810 Pre-

146 1827 224 1891 dicti
250 1826 349 1914 legali
376 1827 534 1892 Leodium
562 1827 605 1892 ad
629 1849 739 1912 regem
767 1828 915 1909 veniunt,
942 1848 1132 1912 responsum
1158 1848 1262 1913 papae

144 1911 327 1976 referentes.
368 1911 420 1976 Ibi
447 1935 506 1976 rex
534 1909 664 1994 Anglici
691 1911 776 1994 regis
804 1910 903 1973 filiam
931 1931 1082 1995 sponsam
1111 1912 1261 2057 suscepit,

147 2015 245 2080 quam
265 1996 300 2057 in
320 1995 441 2080 pascha
461 1994 550 2080 apud
564 1995 747 2058 Traiectum
761 1994 851 2077 regio
872 2015 960 2058 mora
981 1992 1112 2056 dotavit.
1227 2014 1374 2066 aspum.

144 2077 266 2163 peditio
288 2079 323 2140 in
335 2078 462 2143 Italiam
476 2079 517 2142 ab
539 2078 698 2142 universis
712 2077 888 2142 occidentis
909 2076 1014 2163 princi
1037 2077 1109 2140 ibus
1123 2076 1263 2142 Traiecti

146 2160 354 2226 collaudatur.
439 2161 535 2228 Circa
555 2163 604 2226 5.¹
628 2161 710 2227 Non.
732 2160 802 2224 Iun.
833 2159 923 2225 stella
943 2159 984 2224 ad
1019 2169 1052 2225 ta
1080 2162 1145 2225 iam
1166 2171 1261 2227 nocte

144 2246 304 2332 apparuit,
324 2244 432 2310 radios
454 2245 627 2312 admodum
655 2245 769 2330 longos
790 2267 901 2310 versus
922 2253 1065 2308 austrum
1092 2244 1132 2310 de
1154 2267 1189 2309 se
1219 2245 1262 2310 ef·

144 2329 291 2395 frmdens.
375 2329 525 2416 Eclypsis
547 2329 641 2394 lunae
662 2329 748 2394 facta
769 2339 817 2394 est
838 2331 867 2394 2.
882 2328 965 2394 Non.
986 2328 1084 2392 Mail.
1171 2327 1261 2394 Slavi
1270 2350 1317 2390 1111
1328 2351 1349 2393 a.

141 2436 176 2478 re
202 2414 307 2478 ‘onem
328 2411 537 2480 Albianorum
559 2416 749 2500 irrumpunt,
770 2413 941 2498 multisque
956 2413 1072 2476 occisis
1094 2422 1127 2477 et
1148 2415 1260 2498 captis,

141 2521 177 2562 16
201 2510 285 2562 eunt.
338 2496 417 2562 lnde
444 2499 512 2562 dux
540 2498 711 2582 Liutgerus
739 2506 918 2582 permotus,
947 2504 1065 2559 terram
1091 2495 1261 2561 Slavorum

142 2581 299 2646 hostiliter
318 2575 453 2664 invadit,
474 2582 638 2667 regionem
657 2579 887 2679 predabundus
909 2578 1119 2664 perambulat,
1144 2594 1261 2646 novem

145 2665 241 2730 urbes
263 2665 449 2730 munitiores
470 2676 502 2730 et
523 2663 738 2752 opulentrores
754 2666 850 2750 capit,
873 2663 1102 2749 obsidibusque
1123 2663 1165 2727 ab
1180 2665 1260 2751 ipsis

143 2750 295 2835 acceptis,
317 2750 420 2814 victor
439 2748 532 2814 redit.
618 2749 714 2814 Circa
728 2749 980 2834 assumptionem
994 2756 1123 2813 sanctae
1138 2747 1339 2816 Mariam-⁶⁷2

141 2856 201 2898 rex
221 2835 311 2920 regio
333 2844 491 2932 apparatu
505 2831 631 2898 Italiam
651 2833 684 2896 in
724 2831 837 2897 editur.
881 2831 1003 2898 Omnes
1021 2832 1168 2897 civitates
1190 2807 1372 2898 mu.³¹¹⁸·¹⁶·

141 2919 239 3000 uitae,
262 2939 369 2981 omnia
390 2917 517 2984 castella
537 2919 607 3004 regi
628 2915 687 2982 sub
711 2926 817 2981 untur.

226 3001 296 3066 lnd.
312 3003 343 3084 3,
367 3004 458 3067 1111.
500 3003 572 3067 Rex
593 3000 698 3067 natale
712 3002 847 3066 Domini
860 2999 948 3086 apud
962 2998 1158 3066 Florentiam
1180 2999 1259 3066 cele-

139 3083 222 3150 brat.
254 3086 328 3166 Quo
350 3097 489 3172 peracto,
512 3087 541 3151 2.
563 3086 641 3150 Idus
662 3086 757 3150 Febr.
779 3086 880 3150 Rome
901 3084 942 3150 ab
963 3083 1138 3170 apostolico
1160 3085 1258 3150 hono·
1266 3106 1335 3150 reor.
1345 3108 1381 3150 12.

139 3170 228 3234 rifice
242 3170 412 3269 excipitur.
447 3170 542 3235 Datis
556 3181 664 3236 autem
679 3170 841 3268 utrimque
857 3168 1032 3251 obsidibus,
1053 3169 1088 3232 in
1102 3168 1258 3234 aecclesia

140 3251 227 3317 beati
237 3255 324 3318 Petn
339 3253 535 3336 considunt0,
558 3276 655 3339 super
667 3255 809 3340 negociis
824 3251 1066 3317 aecclesiasticis
1080 3257 1258 3320 tractaturi.

141 3336 230 3400 Dum
259 3337 353 3405 haee.
367 3348 521 3422 aguntur,
550 3337 688 3404 factione
717 3337 918 3424 quorrmdam
946 3336 1100 3402 tumultus
1126 3339 1161 3400 in
1186 3359 1257 3402 aec-

141 3418 257 3483 clesiae
290 3419 444 3504 gradibus
474 3423 588 3504 oritnr3
616 3421 824 3487 vulnerantur
849 3419 975 3506 plures,
1004 3420 1134 3507 quidam
1162 3423 1257 3486 truci·

141 3503 268 3568 dantur.
311 3503 384 3584 Quo
406 3505 515 3568 audito
537 3527 557 3567 a
577 3527 663 3589 rege,
690 3505 862 3570 concilium
891 3504 1102 3586 disturbatum
1131 3514 1257 3591 aposto·

140 3587 222 3652 licus
245 3609 318 3651 cum
340 3587 556 3652 cardinalibus
585 3589 693 3686 regiae
715 3589 878 3654 custodiae
906 3587 1092 3674 deputatur,
1120 3589 1257 3654 Romani

138 3682 226 3738 trans
253 3680 385 3758 pontem
411 3669 494 3736 ultra
514 3672 668 3756 Tybenm
695 3672 875 3758 diffugiunt.
918 3670 1043 3737 Eadem
1071 3681 1164 3736 nocte
1190 3681 1257 3738 tota

135 3758 253 3821 civitas
273 3755 497 3820 Laterancnsis
518 3754 656 3820 tumultu
677 3753 792 3822 bellico
815 3757 1006 3822 concutitur.
1050 3755 1129 3822 Orto
1151 3779 1254 3840 mane,

139 3842 253 3904 erectis
282 3840 381 3926 signis
402 3839 632 3905 Laterancnses
660 3841 853 3906 unanimiter
880 3863 989 3940 regem
1011 3863 1054 3905 ex
1082 3841 1255 3926 improviso

138 3923 302 3990 invadunt.
341 3923 537 3990 Cubicularii
552 3946 626 3989 vero
640 3927 725 4010 regis
740 3945 831 3987 arma
852 3926 1038 4010 compiunt,
1060 3923 1255 3989 multitudini

227 4065 249 4119 a)
266 4071 435 4112 caementatur
449 4071 541 4122 6111616116
551 4070 650 4110 6111111111
662 4070 759 4119 61616166
769 4070 814 4108 6116
826 4079 893 4108 mana
901 4068 993 4118 scriptis,
1001 4071 1072 4109 mem
1079 4069 1182 4119 perpera,
1189 4068 1254 4108 161116

137 4128 265 4179 qubusdam
281 4131 357 4172 616611,
395 4128 419 4182 b)
434 4132 481 4171 Mal
496 4143 522 4178 6,,
539 4130 667 4181 6111661161»
681 4129 780 4168 eluctata
811 4129 868 4168 Maii
883 4127 1018 4169 nausea.
1058 4126 1080 4180 6)
1097 4128 1220 4168 considant
1234 4139 1254 4170 6.

230 4222 258 4291 1)
277 4223 364 4275 Error
383 4225 507 4290 66616111,
527 4241 603 4291 quem
622 4222 701 4278 ctiam
713 4221 784 4276 Ana.
800 4222 889 4276 06166.
910 4223 1015 4276 baberet.
