3156 4882
247 295 249 300 ’
327 279 361 328 14
614 275 780 328 ANNALES
800 275 1159 330 HILDESHEIMENSES.

327 451 446 502 exercitu
467 449 611 500 concludit.
649 449 701 510 Qui
726 454 836 500 coactus
854 451 929 500 venit
949 449 987 504 ,ad
1011 465 1116 516 regem,
1142 457 1254 504 renovat
1272 460 1448 519 sacramenta,

328 523 403 575 dedit
422 521 531 574 obsides
552 528 578 572 et
596 521 778 585 Theodonem,
796 521 880 573 filium
899 539 983 574 suum.
1013 524 1178 576 Permittitur
1197 526 1222 575 ei
1246 525 1345 577 habere
1365 526 1446 578 duca·

326 603 378 649 tus.
415 597 468 658 Qui
486 601 580 663 postea
600 596 760 646 convictusa
778 596 873 646 iterum
888 595 921 646 de
940 595 1109 660 infidelitate,
1128 599 1224 648 eicitur
1242 598 1276 649 de
1295 601 1447 666 principatu

328 675 355 722 et
372 671 400 721 in
420 669 581 720 monasterio
601 673 759 718 tonsoratur.

248 757 318 801 ω’,
420 743 463 794 21.
501 741 615 793 Karolus
629 739 784 792 Sclavorum
799 746 915 806 gentem,
935 743 980 808 qui
1000 741 1124 794 dicuntur
1137 743 1227 807 Wilzi,
1245 749 1318 796 bans
1337 745 1447 798 fluvium

327 815 429 866 Helbia
449 813 545 865 ditioni
564 829 629 864 suae
648 814 765 878 subegit.

418 889 463 938 22.
501 887 615 938 Karalus
632 887 780 937 Avarorum
800 891 908 950 gentem
927 887 1034 953 subegit
1053 890 1144 940 armis.

419 961 463 1010 23.
502 960 622 1010 Saxones
641 961 738 1010 iterum
757 959 793 1009 ad
812 958 965 1010 idolatriam
983 966 1158 1013 revertantur.

419 1034 462 1084 24.
500 1033 562 1083 Hac
586 1037 746 1098 tempestate
770 1030 840 1083 lilius
864 1035 936 1098 regis
961 1033 1091 1100 Pippinus
1118 1051 1152 1086 ex
1177 1035 1327 1086 concubina
1350 1033 1446 1086 Himil-

327 1105 413 1158 druda
433 1121 493 1156 cum
513 1105 646 1171 aliquibus
667 1105 808 1156 comitibus
827 1106 989 1156 Francorum
1011 1106 1182 1172 consiliatus,
1208 1113 1238 1159 ut
1256 1123 1346 1173 regem
1366 1109 1447 1160 iuter·

327 1178 420 1230 ficeret
440 1184 466 1229 et
484 1177 545 1228 loco
565 1179 622 1228 eius
641 1183 774 1244 regnaret.
812 1178 1035 1244 (incomperta,
1061 1195 1108 1230 rex
1125 1181 1269 1247 Pippinnm
1294 1181 1371 1232 iussit
1388 1174 1447 1232 ton-

328 1253 412 1304 sorari
431 1257 458 1302 et
477 1256 597 1302 caeteros
618 1252 675 1301 eius
695 1255 890 1302 consentaneos
910 1250 1022 1303 diversis
1041 1253 1169 1304 mortibus
1187 1253 1311 1305 interfici.

420 1325 464 1375 20.
501 1322 616 1374 Karalus
627 1320 728 1388 'dirigit
746 1321 816 1374 filios
835 1339 897 1374 suos
909 1325 1052 1391 Pippinum
1072 1333 1100 1376 et
1112 1325 1300 1378 Hludowicum
1318 1328 1347 1376 in
1359 1327 1446 1376 Bene·

327 1402 436 1448 ventum
457 1412 516 1448 cum
537 1397 664 1448 exercitu.
702 1397 842 1462 Factaque
863 1402 904 1448 est
921 1397 1006 1449 fames
1025 1397 1131 1462 valida,
1157 1401 1195 1450 ita
1213 1405 1243 1451 ut
1266 1415 1317 1450 neo
1335 1401 1363 1460 in
1383 1413 1447 1464 qua-

329 1469 481 1536 dragesima
501 1485 517 1518 a
531 1469 649 1519 carnium
665 1461 749 1536 [asub]
765 1469 951 1521 abstineretur.
974 1471 1027 1521 Per
1046 1472 1119 1522 idem
1138 1478 1242 1539 tempus
1256 1471 1365 1524 sinodus
1385 1487 1446 1524 con-

328 1548 456 1608 gregatur
474 1541 509 1592 ad
528 1543 724 1594 Franconolurt
742 1548 887 1610 propter
904 1542 1071 1594 Felicem.

420 1615 463 1666 26.
501 1614 615 1666 Karolus
642 1617 670 1664 in
690 1615 834 1666 Saxoniem
853 1629 984 1682 pergens,
1008 1616 1127 1667 Saxones
1151 1618 1266 1669 obtinuit
1291 1623 1318 1668 et
1336 1619 1448 1668 tercium

330 1687 364 1739 de
381 1691 423 1740 ‘eis
448 1689 583 1739 hominem
608 1689 637 1738 ia
655 1689 795 1739 Frantiam
821 1687 939 1740 educens
959 1687 1110 1739 collocavit.
1148 1690 1199 1742 His
1218 1691 1382 1756 temporibus
1400 1688 1447 1740 Al-
1478 1745 1481 1750 ,

329 1763 432 1824 cuinus,
450 1762 541 1812 rethor
559 1762 727 1822 Britauicus,
746 1760 876 1811 diaconus
896 1765 923 1811 et
942 1761 1025 1812 abbas
1044 1763 1199 1818 monasterii
1219 1763 1311 1814 Sancti
1328 1763 1445 1827 Martini,

327 1836 471 1886 sanctitate
496 1839 523 1884 et
548 1833 670 1885 doctriua
694 1833 781 1884 clarus
804 1833 926 1884 habetur.
964 1833 1098 1886 Adrianus
1123 1850 1195 1901 papa
1214 1835 1292 1895 obiit;
1319 1836 1362 1884 cui
1386 1850 1447 1886 sno·

329 1907 402 1958 cedit
420 1908 477 1958 Leo
497 1906 540 1960 98.

421 1981 465 2031 27.
502 1981 641 2031 Hunorum
667 1978 769 2045 legatio
794 1979 829 2029 ad
854 1995 946 2046 regem
971 1981 1096 2042 veniens,
1125 1979 1265 2032 thesauros
1294 1980 1447 2044 adducunt;

328 2069 394 2120 quos
414 2070 461 2104 rex
480 2053 653 2120 optimatibus
672 2053 727 2104 suis
746 2051 890 2116 distribuit,
908 2053 1013 2119 legatos
1032 2053 1106 2104 abire
1125 2055 1266 2121 permittit.

420 2126 465 2178 28..
501 2127 630 2192 Pippinus
650 2140 696 2175 rex
715 2125 812 2176 Italiae
831 2127 996 2176 Pannoniam
1016 2127 1112 2193 pergit.

420 2200 464 2249 29.
502 2198 617 2248 Karolns
636 2198 663 2246 in
684 2197 829 2247 Saxoniam
847 2199 967 2249 Francos
986 2198 1139 2263 conloquat,
1159 2199 1279 2250 Saxones
1298 2198 1362 2249 inde
1382 2199 1447 2249 edu·

330 2275 415 2322 cemc
435 2285 495 2320 cnm
514 2271 641 2321 uxoribus
662 2274 688 2318 et
706 2268 806 2332 liberis,
824 2268 853 2318 id
874 2275 915 2320 est
933 2271 1045 2320 tercium
1064 2270 1209 2321 hominem.

421 2343 467 2392 30.
504 2341 619 2394 Karalus
635 2337 733 2392 ‘iterum
753 2342 781 2390 in
801 2340 943 2391 Saxoniam
964 2343 1058 2407 pergit.

422 2415 466 2464 31.
503 2415 555 2464 Per
583 2413 655 2463 idem
681 2419 785 2480 tempus
813 2413 926 2463 Romani
953 2413 1072 2464 Leonem
1100 2429 1199 2480 papam
1227 2413 1261 2464 de
1288 2413 1448 2482 pontificatu

258 2497 319 2540 tto.
330 2489 433 2548 eitiunt,
453 2487 544 2538 oculos
565 2501 657 2538 eruere
671 2485 822 2549 moliuntur,
841 2485 959 2550 linguam
978 2485 1129 2550 abscidunt,
1147 2488 1176 2536 in
1195 2486 1344 2538 custodiam
1363 2493 1447 2539 retru-

330 2560 405 2613 dunt.
442 2560 521 2612 Unde
540 2575 589 2626 per
606 2559 732 2610 Albinum
753 2557 946 2610 cubicularium
972 2563 1053 2610 noctu
1072 2575 1121 2625 per
1138 2575 1241 2610 murum
1266 2561 1294 2610 in
1319 2561 1381 2610 fune
1401 2560 1447 2611 de·

329 2636 449 2702 punitum
469 2633 505 2683 ad
521 2633 683 2698 winigisum
704 2632 799 2683 ducem
821 2632 997 2699 spolitanum,
1017 2633 1063 2698 qui
1089 2634 1161 2684 circa
1172 2631 1273 2684 Urbem
1293 2649 1353 2684 cum
1373 2641 1448 2685 exer·

331 2709 387 2758 citu
407 2706 574 2769 consederat,
594 2706 724 2772 pervenit.
763 2706 815 2768 Qui
843 2721 933 2757 curam
959 2707 984 2756 ei
1008 2705 1131 2757 adhibuit
1156 2711 1183 2757 et
1200 2707 1229 2755 in
1249 2706 1394 2758 Saxoniam
1413 2707 1449 2758 ad

328 2795 420 2846 regem
449 2777 549 2844 dirigit.
594 2779 619 2828 A
648 2794 701 2844 quo
729 2776 875 2830 honorilice
903 2783 1058 2845 susceptus,
1088 2781 1118 2829 in
1148 2778 1240 2830 sedem
1272 2779 1448 2846 apostolicam

328 2853 447 2902 Leonem
460 2853 587 2915 restitnit3
607 2852 750 2914 Romanos,
770 2851 816 2916 qni
828 2851 899 2901 hano
918 2851 1080 2902 tirannidem
1094 2857 1277 2916 exercuerunt,
1296 2851 1448 2903 inexilium

329 2927 418 2976 mittit.

421 2997 465 3046 32.
504 2996 619 3048 Karolus
638 2997 750 3048 Romam
776 2997 874 3062 pergit.
910 2995 967 3048 Leo
993 3013 1065 3064 papa
1090 3002 1154 3049 ante
1180 2997 1250 3049 diem
1276 2996 1373 3048 n'atalis
1392 2997 1447 3050 Do·

329 3071 395 3122 mini
413 3071 525 3122 tercium
545 3069 579 3120 de
592 3070 723 3131 omnibns,
743 3084 796 3134 que
815 3085 831 3118 a
848 3068 947 3136 populo
960 3069 1081 3120 Romano
1101 3071 1127 3121 ei
1146 3071 1340 3134 obiciebantur,
1360 3085 1449 3122 coram

239 3185 244 3194 .
329 3159 394 3209 rege
408 3149 435 3194 et
448 3141 547 3210 populo
560 3144 723 3196 Francorum
737 3142 800 3193 dato
813 3146 981 3194 sacramento
1000 3142 1162 3209 purificatur.
1200 3145 1236 3195 ut
1247 3145 1276 3194 in
1290 3144 1334 3194 die
1353 3141 1449 3194 natalis

330 3217 441 3267 Domini
467 3221 528 3266 ante
555 3217 694 3266 missarum
720 3215 851 3266 solemnia
868 3216 897 3264 in
916 3215 1035 3266 ecclesia
1053 3219 1140 3268 sancti
1158 3217 1232 3268 Petri
1252 3231 1341 3266 coram
1359 3229 1449 3267 sacra·

329 3289 460 3340 tissimum
480 3303 575 3354 corpus
596 3289 652 3339 eius
672 3304 797 3339 coronam
816 3287 983 3354 imperialem
1007 3290 1090 3356 capiti
1115 3292 1184 3354 regis
1206 3290 1298 3340 Leone
1322 3285 1450 3354 pontifice

330 3363 493 3428 imponente,
519 3361 631 3427 abipso
656 3361 782 3427 pontifice
807 3367 834 3412 et
852 3361 886 3411 ab
906 3362 978 3412 omni
1004 3361 1104 3428 populo
1125 3363 1245 3414 Romano
1265 3367 1345 3428 atque
1364 3361 1448 3414 Fran

331 3449 421 3486 corum
441 3439 569 3499 augustus
589 3434 748 3500 appellatur,
768 3449 836 3484 anno
855 3435 1046 3485 incarnationis
1067 3435 1217 3486 dominicae
1238 3435 1300 3486 800.

423 3507 467 3558 33.
506 3507 620 3572 Legatio
640 3507 786 3559 Grecorum
805 3505 841 3556 ad
860 3512 1001 3572 augustum
1020 3509 1136 3572 veniens,
1156 3524 1251 3575 pacem
1269 3509 1346 3574 petit.

422 3581 467 3631 34.
504 3580 719 3632 Amurmamnlus
739 3580 932 3632 Saracenorum
959 3579 1103 3632 elefantum
1128 3597 1210 3632 unum
1233 3595 1293 3632 cum
1313 3579 1373 3630 aliis
1392 3593 1449 3630 mn·

331 3653 439 3704 neribus
458 3653 587 3718 preciosis
606 3652 707 3718 dirigit.
745 3652 873 3706 Paulinus
891 3653 1044 3720 patriarcha
1062 3653 1254 3705 Foroiuliensis
1273 3653 1346 3704 obiit.

423 3725 467 3776 35.
506 3725 577 3776 Item
595 3723 696 3791 legatio
709 3724 856 3776 Greoorum
874 3726 953 3777 simul
973 3741 1033 3777 cnm
1051 3725 1149 3793 legatis
1168 3725 1335 3793 imperatorie
1347 3721 1450 3787 Karoli,

331 3814 398 3865 qnos
418 3798 551 3850 direxerat
573 3799 602 3848 in
621 3799 759 3861 (trecium,
785 3799 820 3848 ad
838 3798 931 3850 villam
956 3801 1059 3864 regiam
1079 3815 1148 3866 quae
1168 3798 1265 3850 dicitur
1284 3795 1347 3849 Sala
1364 3797 1450 3848 venit.

330 3871 480 3939 Imperator
508 3876 597 3922 antem
625 3873 713 3939 pergit
740 3872 768 3920 iu
792 3873 955 3924 Baioariam.
1002 3872 1046 3922 Ibi
1070 3874 1144 3924 venit
1169 3871 1269 3936 legatio
1293 3871 1450 3932 Avarornm,

331 3960 437 3996 omnem
456 3951 552 3996 terram
572 3945 677 4011 imperii
695 3945 737 3996 sui
756 3945 804 3995 sub
827 3944 927 3996 ditione
945 3937 1112 4010 imperatoris
1131 3943 1226 3995 Karoli
1244 3942 1370 3995 subdunt.
1453 3965 1455 3970 ’

425 4009 506 4084 [Stil]
544 4017 659 4070 Karalus
670 4019 815 4084 imperator
825 4019 943 4070 Saxones
956 4017 1057 4082 absque
1072 4017 1167 4069 bellua
1177 4018 1290 4085 propriis
1301 4015 1397 4068 finibus
1405 4029 1450 4067 ex·
1483 4081 1488 4090 .
1502 4083 1504 4088 Ι

421 4179 443 4233 a)
460 4193 472 4221 o
487 4193 513 4234 a,
528 4182 602 4221 cereris
617 4181 711 4222 obeam.
772 4177 795 4231 b)
813 4181 868 4220 deest
883 4191 900 4221 c.
961 4176 984 4230 o)
1001 4181 1102 4222 educunt
1116 4179 1151 4222 a?
