3156 4882
326 325 361 374 66
612 323 777 374 ANNALES
798 320 1155 374 HILDESHEIMENSES.

325 501 463 556 ratonem
491 489 596 554 banno
622 489 769 554 absolvit.
819 491 1012 574 Imperator·
1025 510 1116 569 vero,
1145 497 1181 551 ut
1208 487 1445 554 ecclesiasticae

326 575 471 640 iusticiae
493 573 696 656 satisfaceret,
718 575 921 640 investituras
940 571 1227 638 ecclesiasticarum
1249 573 1446 658 dignitatum

327 668 436 724 sancto
458 659 553 722 Petro
575 658 708 740 remisit,
730 659 775 722 ita
797 657 979 740 dumtaxat,
1001 666 1046 739 ut,
1076 655 1175 722 libera
1196 656 1355 723 electione.
1371 679 1446 742 pre-

253 743 459 808 concedente
480 753 512 807 et
534 763 692 806 canonum
714 743 872 826 gravitate
895 749 1089 822 conservata,
1111 741 1284 826 imperialis
1305 743 1445 806 auctori·
1478 802 1482 808 .

326 838 376 893 tas
398 826 485 913 quod
514 827 564 890 sui
591 827 669 890 iuris
691 835 739 890 est
766 827 801 890 in
822 825 1052 890 constituendis
1075 826 1234 910 episcopis
1256 827 1322 890 sive
1344 824 1445 890 abba·

325 913 411 977 tibus
432 909 484 975 vel
505 909 674 975 abbatissis
696 932 760 974 non
781 911 956 990 amitteret,
985 919 1017 974 et
1038 910 1065 973 si
1086 911 1120 972 in
1142 909 1369 976 constituendis
1392 909 1444 976 his

218 1037 220 1042 -
326 993 534 1081 dignitatibus
546 993 713 1074 discordia,
729 1003 764 1059 ut
775 1017 850 1080 sepe
861 995 906 1076 lit,
918 995 1105 1076 oboriretur,
1115 993 1288 1079 imperialis
1299 1003 1444 1080 potestas

309 1077 458 1144 ¹consilio
481 1079 661 1164 sapientum
683 1080 863 1142 contrairet.

413 1163 504 1227 1123.
561 1161 721 1228 Adelbero
765 1163 947 1226 Bremensis
987 1161 1248 1248 archiepiscopus
1289 1163 1443 1228 canonice

324 1244 445 1312 electus
466 1269 525 1333 pro
547 1269 582 1311 re
607 1246 744 1310 oscenda
765 1245 854 1332 pallii
875 1246 1030 1330 dignitate
1052 1247 1187 1310 Romam
1208 1245 1307 1310 vadit.
1350 1247 1401 1312 Ibi
1422 1267 1443 1309 a

326 1330 455 1395 domino
478 1355 498 1396 a
522 1269 652 1394 ostolico
675 1329 797 1395 Oalisto
819 1330 991 1394 honorifice
1013 1331 1200 1416 suscipitur,
1230 1331 1264 1393 in
1285 1329 1443 1416 archiepi-

326 1437 461 1500 scopum
487 1353 528 1480 al)
557 1437 594 1479 eo
617 1423 833 1496 consecratur,
860 1413 1033 1500 habitaque
1064 1414 1203 1499 synodo,
1233 1416 1386 1479 canonico
1410 1424 1443 1479 et

325 1499 491 1564 iudiciario
514 1497 624 1562 ordine
645 1497 778 1584 pallium
800 1499 946 1580 obtinuit,
974 1497 1170 1584 negligentia
1197 1497 1334 1563 duorum
1355 1508 1443 1563 ante-

327 1605 488 1649 cessorum
511 1604 642 1646 suorum
662 1585 814 1646 amissum
838 1584 923 1646 etin
943 1581 1055 1646 Dauos
1077 1582 1274 1647 translatum.

412 1669 503 1732 1124.
556 1667 705 1751 Eclypsis
736 1666 831 1730 lunae
862 1667 947 1730 facta
979 1677 1026 1730 est
1056 1665 1130 1732 Kal.
1157 1665 1251 1732 Febr.
1305 1667 1443 1752 Magnae

326 1749 419 1815 molis
469 1749 569 1814 rando
597 1749 713 1814 cecidit
740 1752 769 1816 9.
792 1749 864 1814 Kal.
891 1751 1038 1835 Augusti.
1082 1749 1231 1836 Eolypsis
1258 1749 1333 1815 solis
1359 1753 1444 1816 facta

210 1852 270 1903 Aur.
283 1853 317 1895 11.
327 1845 375 1899 est
403 1835 433 1900 3.
446 1773 533 1900 ldus
555 1835 705 1919 Augusti.
747 1834 866 1920 Magna
892 1835 992 1898 fames
1021 1835 1145 1898 accidit.
1190 1833 1329 1899 Oalistus
1357 1855 1443 1921 papa

328 1919 422 2002 obiit,
445 1919 498 1982 eui
519 1918 680 1982 Honorius
703 1920 889 1983 successise.

263 2030 325 2074 uas:
413 2003 503 2068 1125.
547 2003 725 2102 Imperator
739 2003 879 2068 Traiecti
899 2003 982 2066 infra
1004 2001 1215 2067 ebdomadam
1236 2012 1444 2088 pentecosten

328 2087 420 2168 obiit3
443 2109 558 2171 corpus
580 2109 647 2152 e1us
671 2087 798 2172 Spiram
820 2087 969 2152 defertur.
1012 2088 1051 2151 In
1080 2087 1160 2152 festo
1188 2090 1290 2152 sancti
1310 2087 1444 2152 Bartho-

211 2191 270 2242 Aug.
282 2171 422 2236 salomei
445 2192 554 2235 omnes
576 2171 673 2234 totius
695 2173 822 2256 imperii
842 2173 1004 2270 principes
1026 2171 1210 2257 Mogontiae
1241 2173 1443 2254 conveniunt,

328 2277 440 2321 omnes
462 2255 654 2318 unanimiter
674 2254 790 2318 ducem
812 2255 1022 2340 Lrutgerumb
1044 2257 1133 2320 inre
1157 2278 1208 2320 em
1231 2255 1394 2341 eligentes.

413 2340 504 2403 1126.
548 2337 660 2402 Novus
682 2361 741 2402 rex
755 2338 859 2403 natale
876 2340 1009 2403 Domini
1029 2339 1114 2426 apud
1131 2279 1342 2424 drgentinam
1365 2339 1444 2404 cele-

324 2421 413 2506 brat,
443 2422 558 2488 dehinc
587 2421 629 2485 ad
657 2424 795 2508 patriam
822 2422 912 2487 redit.
1015 2424 1173 2508 Rotgerus
1205 2422 1445 2571 Parthenopoli-

325 2517 419 2572 tanus
447 2507 617 2593 episcopus
650 2505 744 2589 obiit3
778 2509 830 2570 cui
862 2507 1073 2572 Northbertus
1106 2507 1260 2572 succedit.
1395 2531 1446 2588 ex,

325 2602 417 2678 rapta
447 2593 516 2655 acie
547 2589 721 2654 admodum
753 2613 869 2688 parva,
901 2593 935 2655 in
962 2591 1129 2656 Boemiam
1161 2614 1219 2676 pro
1252 2590 1446 2656 restituendo

327 2675 460 2757 Ottone,
490 2677 545 2761 qui
573 2675 690 2739 iniuste
743 2685 879 2740 nvatum
912 2698 945 2739 se
977 2676 1096 2740 honore
1127 2675 1290 2760 predictae
1318 2676 1447 2761 provin-

326 2761 394 2824 ciae
426 2759 634 2904 querebatur,
661 2697 779 2840 tendit,
807 2761 933 2823 incaute
962 2759 1100 2846 quidem.
1144 2760 1221 2822 Tria
1242 2761 1327 2824 enim
1348 2757 1445 2839 milia,

326 2865 392 2907 non
423 2865 510 2928 pus,
546 2863 657 2907 secum
692 2844 879 2928 assumpsit,
916 2842 1053 2906 hostium
1088 2865 1164 2908 vero
1197 2845 1240 2908 20
1270 2842 1357 2906 milia
1392 2854 1446 2907 aut

326 2925 463 3012 amplius
492 2934 590 2990 erant.
643 2925 786 2989 Ducenti
812 2949 888 2990 vero
917 2927 1132 3012 expeditiores
1158 2949 1269 3012 regem
1297 2926 1446 3012 precede-

326 3009 419 3091 bant,
451 3009 493 3074 ad
524 3007 735 3095 precidendas
767 3009 933 3094 indagines
966 3009 1081 3093 silvae,
1114 3033 1196 3098 quae
1228 3011 1395 3076 Boemiam
1425 3033 1446 3075 a

327 3094 470 3160 Saxonis
498 3093 735 3176 disterminant,
767 3093 922 3179 dispositi.
972 3093 1119 3180 Cumque
1145 3093 1178 3158 hi
1209 3117 1267 3180 per
1299 3095 1385 3159 invia
1414 3105 1446 3160 et

327 3176 465 3262 abrupta
486 3175 583 3241 silvae
606 3179 697 3264 quasi
717 3188 864 3264 repentes
886 3176 1074 3260 laborarent,
1096 3188 1165 3242 tum
1181 3180 1305 3242 nivium
1326 3179 1446 3264 magni-

327 3261 453 3342 tudine,
485 3269 555 3324 tum
584 3259 774 3346 indaginum
806 3263 959 3326 incisione
988 3261 1127 3347 fatigati,
1156 3261 1294 3326 hostium
1322 3261 1445 3327 insidiis

296 3359 371 3409 'ex
409 3345 583 3429 improviso
620 3345 924 3409 circumveniuntur.
989 3346 1231 3412 Obtrnncantur
1268 3347 1314 3412 ibi
1352 3345 1445 3431 pleri-

349 3451 389 3494 ue
411 3438 513 3494 terrae
541 3427 704 3510 meliores,
733 3430 794 3494 viri
815 3430 913 3494 fortes
942 3440 974 3495 et
994 3429 1130 3512 nobiles,
1159 3431 1247 3496 domi
1268 3430 1444 3517 militiaque

328 3451 414 3578 dari.
498 3513 570 3577 Rex
592 3512 829 3598 expeditionem
850 3524 958 3579 movet
987 3538 1084 3602 super
1105 3514 1304 3581 Fridericum
1325 3515 1441 3581 ducem

329 3598 485 3663 Sueviae¹
507 3596 559 3661 vel
579 3596 739 3681 Alsaciae3
769 3599 827 3662 sed
856 3620 893 3662 eo
922 3599 957 3662 in
984 3601 1156 3664 munitiora
1181 3611 1284 3664 terrae
1307 3623 1341 3664 se
1362 3599 1441 3662 reci-

351 3682 445 3762 iente,
467 3703 526 3745 rex
546 3680 662 3746 infecto
683 3683 817 3768 negocio
838 3682 930 3748 redit.
1015 3685 1163 3748 Treveris
1184 3683 1271 3770 apud
1288 3683 1441 3747 Sanctum

327 3704 524 3830 lluoharium
545 3767 723 3864 reperitur⁰
748 3788 865 3854 corpus
888 3768 988 3832 sancti
1010 3767 1151 3832 Mathiae
1172 3765 1307 3853 apostoli
1329 3766 1441 3830 subtus

328 3848 427 3914 altare
452 3848 603 3913 Iohanms
631 3851 796 3936 baptistae.
846 3855 918 3932 Quo
947 3850 1043 3935 digne
1072 3850 1192 3930 locato,
1220 3850 1370 3936 deinceps
1400 3851 1440 3916 ab

329 3935 416 3998 omni
436 3933 555 4020 populo
577 3933 755 4000 Teutonico
777 3937 919 4000 maxima
940 3935 1109 4001 devotione
1132 3934 1253 4000 colitur.

321 4093 326 4100 ·
418 4078 441 4131 a)
456 4081 554 4120 sucessit
567 4091 585 4118 c.
651 4079 750 4132 b)1ac.
812 4079 948 4132 o)vorabulo
963 4091 1033 4128 waso,
1050 4093 1118 4121 manu
1133 4079 1206 4122 aar.
1221 4079 1336 4130 scriptum:
1352 4083 1442 4132 repert-

329 4139 435 4190 turpare
452 4139 562 4188 corporis.

424 4230 451 4300 1)
471 4233 585 4286 cueviae
604 4233 648 4286 vu
666 4233 743 4288 usu
763 4233 898 4287 sousa
918 4199 1032 4288 „aazia
