3156 4882
294 259 328 308 Ω
578 257 743 310 ANNALES
763 259 1119 312 HlLDESHEIMENSES.

217 450 280 492 rsa.
372 423 593 504 Placentinus,
624 423 863 508 Cremonensis,
892 424 1111 508 Vercellensis,
1141 425 1194 488 alii
1221 425 1318 490 etiam
1339 427 1406 512 epi-

291 509 394 593 scopi,
423 507 553 594 quidam
582 510 756 579 maiestatis
785 510 847 591 rei,
879 510 954 595 quia
975 531 1048 572 cum
1075 509 1218 594 predicto
1247 509 1404 594 archicpi-

290 622 388 686 scopo
410 609 442 664 et
461 577 573 664 (ldone
595 609 730 699 tyranno
753 623 829 686 sepe
850 608 1024 664 memorato
1046 609 1157 664 contra
1177 601 1403 746 imperatorem

291 694 531 765 consenserant,
561 685 679 769 captrvi
707 684 749 748 ad
777 706 835 748 nos
863 685 897 746 in
923 684 1050 748 diversa
1077 683 1148 746 loca
1177 685 1299 748 exriati
1321 694 1402 750 sunt.

288 769 533 832 Prenominatus
570 789 647 852 ergo
674 744 760 849 (lde,
793 769 984 852 imperatore
1014 766 1125 830 Italiae
1177 777 1260 832 artes
1288 790 1402 866 procu-

288 861 387 932 rante,
408 851 653 936 Luthuringiam
674 851 766 914 iuxta
787 872 928 913 marcam
951 849 1121 915 Gazelonis
1150 790 1241 914 ducis
1268 873 1402 937 crusque

288 933 345 998 filii
376 934 543 998 Godefridi
580 935 733 1000 tirannice
771 935 888 998 invasit
925 945 956 999 et
989 935 1148 997 civitatem
1182 956 1262 1019 quae
1298 935 1399 998 Bera¹

289 1017 406 1082 dieitur
434 1018 551 1082 iniusta
582 1019 797 1104 presumtione
827 1019 1011 1103 occupavit,
1037 1019 1127 1081 iuxta
1154 1039 1250 1102 quam
1276 1017 1317 1082 ab
1340 1017 1401 1082 his-

287 1101 361 1165 dem
383 1100 518 1165 ducibus
540 1111 724 1185 occupatus,
748 1111 958 1186 consertoque
980 1099 1090 1198 preliO,
1112 1101 1195 1165 inter
1215 1103 1334 1186 primos
1356 1103 1402 1165 in-

289 1184 409 1270 glorius
432 1184 582 1248 occubuit
603 1186 766 1270 iustasque
788 1183 916 1248 divinae
937 1184 1050 1249 ultioni
1076 1193 1149 1283 post
1169 1185 1300 1250 effracta
1321 1187 1402 1248 iura-

288 1278 396 1332 menta
416 1291 516 1352 penas
539 1266 690 1350 exsolvit,
713 1269 754 1332 ab
775 1269 855 1352 ipsis
877 1291 953 1333 sane
975 1267 1151 1333 victonbus
1172 1270 1346 1353 ignoratus
1368 1269 1401 1332 in

289 1353 462 1416 crastinum
490 1352 572 1415 inter
592 1350 708 1438 vulgus
730 1353 877 1416 inventus
900 1361 949 1416 est
969 1352 1083 1432 nudus,
1111 1352 1198 1416 vitaa
1227 1352 1346 1436 pariter
1372 1361 1403 1416 et

288 1456 401 1521 regno,
434 1435 520 1520 quod
552 1435 612 1498 sibi
644 1456 802 1520 usurpans
835 1433 1018 1515 affectabat,
1052 1435 1215 1520 spoliatus.
1268 1435 1402 1500 Nostrae

271 1517 461 1582 aeecclesiae
490 1517 639 1582 daecanus
669 1519 796 1582 Tamne
829 1520 878 1582 11.
897 1517 969 1582 Kal.
997 1517 1093 1582 Febr.
1123 1519 1216 1600 obiit,
1248 1528 1340 1603 pater
1369 1519 1403 1582 in

289 1601 416 1666 Christo
448 1601 638 1666 venerabilis
671 1613 702 1667 et
737 1603 799 1686 piis
832 1601 979 1666 omnibus
1018 1623 1143 1684 semper
1178 1599 1402 1666 memorabilis.

288 1685 426 1769 Hagano
448 1684 619 1765 diaconus,
646 1686 752 1770 regius
775 1684 967 1771 capellanus,
999 1686 1048 1748 10.
1069 1683 1165 1748 Katb
1189 1685 1287 1749 Marc.
1310 1685 1404 1748 mori·

288 1775 340 1830 tur
373 1778 405 1832 et
432 1767 465 1828 in
487 1767 661 1832 Herveldia
687 1767 846 1854 sepelitur.
902 1767 1071 1853 Sigifridus
1098 1789 1204 1832 comes
1234 1778 1265 1833 et
1291 1768 1402 1853 Dang-

289 1872 397 1914 marus
420 1871 527 1914 comes
550 1851 704 1917 obierunt.

213 1947 282 1987 ¹·52'·
320 1964 322 1968 ·
373 1933 444 2000 Ind.
466 1937 500 2018 6,
525 1937 615 2000 1038.
662 1936 841 2021 Imperator
872 1957 946 1998 cum
977 1933 1173 1999 nobilissima
1206 1935 1255 1998 sui
1285 1931 1405 1997 familia

288 2020 486 2084 nativitatem
517 2017 636 2084 Christi
664 2020 798 2084 Parmae
827 2017 1014 2102 celebravit,
1045 2021 1100 2105 qui
1128 2018 1243 2084 urbani
1270 2040 1311 2082 ex
1339 2016 1403 2082 levi

290 2124 386 2166 causa
417 2112 525 2166 sancto
555 2102 607 2166 die
629 2103 802 2166 nativitatis
823 2102 957 2166 Domini
983 2102 1026 2164 ad
1046 2124 1214 2186 vesperam
1242 2110 1404 2165 certamen

288 2187 436 2266 inierunt,
459 2185 492 2246 in
514 2207 577 2268 quo
599 2186 639 2248 de
661 2187 805 2248 exercitu
850 2208 924 2248 uam
946 2184 1063 2268 plures,
1086 2185 1142 2247 sed
1163 2185 1316 2268 precipue
1338 2193 1402 2248 tres

289 2289 330 2331 ex
352 2266 519 2331 clientibus
541 2269 645 2350 regiis,
669 2266 814 2346 Ohonon,
827 2207 1003 2350 hlagnum,
1026 2266 1231 2348 Suicgerum,
1261 2287 1403 2350 pereme-

287 2360 370 2416 runt.
413 2351 477 2413 Pro
507 2370 571 2432 qua
593 2370 668 2432 ergo
691 2347 877 2412 insolentiae
906 2349 1083 2413 temeritate
1104 2349 1138 2410 in
1161 2349 1332 2412 crastinum
1356 2346 1402 2410 di-

287 2431 392 2496 luculo
414 2433 477 2518 ipsi
499 2431 593 2496 simul
615 2454 688 2496 cum
710 2433 838 2496 civitate
864 2431 1075 2516 omnibusque
1097 2431 1161 2495 suis
1183 2430 1292 2515 preda,
1315 2430 1400 2514 igne,

163 2516 369 2582 manferro
390 2517 561 2602 perierunt.
603 2515 728 2581 Pascha
748 2537 824 2581 vero
845 2517 1019 2602 imperator
1039 2515 1106 2578 sine
1122 2514 1234 2600 quavis
1254 2511 1405 2580 molestia

286 2601 320 2664 in
342 2598 469 2666 castello
493 2599 633 2664 Sennis·
657 2600 790 2686 pacifice
811 2600 945 2664 feriavit.
988 2598 1155 2663 Predictus
1183 2619 1311 2683 quoque
1336 2595 1403 2659 Me-

286 2683 517 2748 diolanensium
528 2683 788 2769 metropolitanus
803 2683 844 2748 ab
860 2682 1034 2768 apostolico
1049 2682 1199 2768 pontifice
1238 2689 1287 2746 ost
1300 2683 1402 2746 iustas

287 2767 414 2832 crebras
453 2768 701 2831 ammoniciones
737 2767 899 2832 communi
940 2767 1163 2851 episcoporum
1227 2775 1330 2830 ecreto
1368 2765 1402 2826 in

287 2850 413 2936 paschis
445 2850 728 2915 anathematizatus
757 2861 789 2915 et
817 2872 837 2914 a
866 2858 939 2914 cetu
963 2848 1106 2913 fidelium
1128 2858 1176 2914 est
1198 2855 1400 2933 segregatum

289 2935 344 3020 qui
361 2931 564 2998 nihilominus
587 2935 621 2998 in
643 2955 699 2998 sua
725 2934 935 2999 obstinatione
957 2933 1142 3018 perduravit
1162 2941 1194 2996 et
1215 2931 1400 3018 imperatori

287 3039 346 3102 pro
368 3018 516 3102 possein
538 3017 685 3084 omnibus
706 3040 765 3104 per
785 3027 965 3104 presentem
987 3026 1018 3080 et
1039 3017 1134 3080 etiem
1157 3016 1403 3102 subsequentem

287 3121 406 3164 annum
427 3101 685 3166 incommodavit.

370 3183 420 3246 Eo
441 3193 585 3267 tempore
606 3185 786 3250 venerande
799 3185 971 3248 memoriae
986 3192 1115 3248 sanctus
1129 3193 1236 3248 noster
1255 3181 1402 3268 pontifex

203 3265 511 3330 rhodomensem
534 3267 563 3330 3.
578 3290 651 3332 non.
666 3291 743 3350 nan,
765 3267 914 3333 videlicet
935 3267 1014 3331 feria
1035 3269 1065 3333 6.
1088 3277 1161 3353 post
1181 3267 1401 3331 ascensionem

288 3349 436 3430 Domini,
466 3371 508 3413 ex
535 3349 595 3413 hac
615 3351 681 3416 vita
711 3351 906 3433 subtractus,
936 3350 978 3414 ad
1008 3359 1150 3417 eternam
1175 3372 1248 3414 cum
1272 3349 1400 3416 Christo

289 3432 469 3518 perenniter
504 3433 648 3498 victurus
685 3435 835 3519 migravit
876 3434 1033 3521 nobisque
1068 3434 1192 3500 miseris
1223 3435 1400 3498 inmensam

217 3538 280 3583 aas.
290 3517 465 3582 mesticiam
487 3515 629 3581 discessu
650 3540 707 3582 suo
730 3516 870 3583 contulit.
915 3518 1019 3599 Quem
1041 3541 1115 3583 vere
1137 3517 1179 3582 ad
1200 3518 1308 3582 Deum
1329 3538 1399 3602 pre

289 3601 431 3684 cessisse,
452 3623 517 3666 non
539 3601 764 3684 discredimus,
786 3602 848 3666 hoc
868 3611 984 3683 tamen,
1008 3601 1093 3687 quod
1114 3611 1223 3665 sancta
1245 3601 1312 3664 cius
1334 3620 1399 3662 am-

288 3685 462 3749 monitione
475 3684 699 3771 fructiferaque
713 3686 866 3750 virtutum
887 3685 1155 3772 preostcntatione
1170 3680 1401 3769 presentialiter

288 3769 461 3854 privamur,
480 3769 593 3833 merito
616 3791 742 3854 semper
762 3770 963 3855 ingemimus.
1006 3766 1118 3849 Qualis
1138 3788 1276 3852 namque
1297 3765 1402 3830 meriti

289 3861 381 3934 esset,
404 3853 621 3938 unusquisque
643 3854 676 3916 in
697 3875 754 3916 suo
776 3853 839 3918 fine
861 3873 1054 3939 cognoscere
1075 3859 1189 3936 potest,
1211 3849 1296 3935 quia,
1318 3849 1402 3914 sicut

378 4012 401 4066 a)
417 4015 488 4054 vitam
502 4024 520 4054 c.
581 4012 604 4065 b)
621 4015 647 4054 X.
663 4015 711 4056 dsc-
727 4025 797 4059 marc.
811 4027 829 4057 c.

384 4143 412 4211 1)
431 4145 498 4199 Bar.
574 4148 601 4211 ἓ)
621 4145 722 4213 Spella,
736 4163 823 4213 prope
842 4145 961 4214 Foliqao.
