3156 4882
310 272 346 322 ot
596 269 761 323 ANNALES
781 269 1138 321 HILDESHEIMENSES.

235 467 299 512 nou
310 448 343 504 et
359 438 526 503 fluminum
540 446 770 520 transcurrens,
784 438 954 503 revertitur
966 437 1174 523 Mogontiam,
1189 438 1217 501 si
1230 437 1310 502 forte
1325 445 1426 502 trans-

309 522 448 588 vadandi
468 533 614 610 portum,
640 531 676 585 ut
696 530 804 604 antea,
832 521 1001 608 prohibere
1023 520 1153 588 valeret.
1197 521 1312 587 Statim
1339 519 1424 585 filius

310 629 383 671 cum
406 608 471 671 suis
492 617 616 693 patrem
636 606 825 692 insequitur,
847 616 879 670 et
902 605 994 692 Spire
1016 607 1104 672 venit
1124 605 1166 670 ad
1187 606 1334 670 Rhenum
1354 627 1426 692 pre·

206 692 492 778 osseufectumqne
508 690 693 776 Spirensem
706 689 856 755 mercede
871 690 1034 772 conduxit,
1056 700 1088 754 et
1108 691 1142 754 in
1155 689 1266 776 vigilia
1281 693 1426 754 omnium

238 786 494 850 f,⁶2.sanctorum
521 775 652 839 navium
677 783 866 873 apparatum
894 775 956 840 'sibi
984 774 1240 839 accommodavit
1268 784 1300 839 et
1328 795 1426 837 manu

310 860 455 943 militnm,
478 882 518 924 ne
540 860 612 946 quis
634 856 786 924 obsistere
807 869 917 946 posset
936 859 1038 924 donec
1059 869 1188 946 portum
1209 868 1427 940 transmearet,

209 944 456 1011 noeuobtinuit.
499 944 539 1008 In
559 943 633 1008 die⁸
655 952 761 1008 autem
784 943 925 1006 omnium
947 953 1130 1007 sanctorum
1150 941 1300 1008 abbatem
1315 941 1426 1006 Hirso-

308 1040 506 1093 wccensem¹
533 1025 717 1091 sublimavit
745 1027 779 1089 in
800 1027 988 1112 episcopum
1010 1027 1032 1092 S
1058 1029 1204 1092 irensem.
1247 1027 1292 1091 Ut
1320 1035 1427 1091 autem

311 1123 511 1200 compertum
532 1119 580 1176 est
624 1111 700 1190 atri,
730 1108 832 1174 filium
854 1110 948 1197 Spire
977 1110 1019 1174 ad
1070 1133 1165 1175 enum
1186 1111 1321 1192 venisse,
1352 1131 1426 1173 con-

309 1198 399 1262 tinuo
416 1195 491 1260 illuc
512 1195 552 1260 de
610 1194 757 1280 ogontiab
779 1215 964 1281 properans,
987 1195 1048 1259 sibi
1069 1196 1237 1260 transitum
1259 1193 1427 1280 prepedire

311 1281 377 1344 iam
399 1303 540 1382 sperans,
560 1278 651 1344 illum
673 1301 747 1343 cum
763 1281 828 1342 suis
843 1279 1065 1344 transvadasse
1080 1281 1214 1344 nimium
1229 1278 1427 1364 stupefactus

311 1365 449 1448 audivit,
479 1373 511 1429 et
530 1385 608 1427 mox
637 1362 749 1429 eadem
771 1363 823 1427 die
849 1363 948 1427 nimio
969 1361 1134 1448 perculsus
1155 1364 1269 1427 timore
1290 1361 1427 1445 rediens,

310 1450 437 1514 ieiunus
459 1459 491 1514 ct
511 1448 606 1512 nimis
627 1447 684 1512 fati
708 1457 779 1512 aurs
793 1447 991 1532 Mogontiam
1013 1448 1109 1512 venit.
1152 1446 1263 1511 Altera
1283 1468 1359 1512 vero
1375 1445 1427 1510 die

311 1532 461 1598 abbatem
483 1531 523 1598 de
539 1530 658 1596 Sancto
715 1529 799 1595 bano
813 1531 941 1595 nomine
955 1530 1188 1596 Theodericum
1204 1531 1297 1618 Spire
1320 1529 1430 1616 dirigit

311 1617 450 1699 adeum,
474 1617 634 1681 obtestans
649 1638 722 1680 eum
740 1638 799 1701 per
813 1616 931 1697 Deum,
953 1623 989 1678 ut
1001 1615 1231 1696 recordaretur,
1248 1637 1282 1679 se
1304 1624 1429 1701 patrem

312 1702 380 1766 eius
402 1723 482 1782 esse,
504 1710 536 1764 et
548 1721 588 1763 ne
604 1710 668 1764 tam
690 1699 895 1784 pertinaciter
916 1721 989 1762 cum
1011 1721 1031 1762 a
1045 1721 1143 1784 regno
1158 1697 1253 1764 vellet
1265 1697 1427 1784 repellere.

311 1783 370 1850 Ille
385 1784 495 1848 audire
511 1781 642 1864 distulit,
664 1781 722 1847 sed
742 1783 804 1848 hoc
825 1781 899 1847 illec
917 1782 1091 1865 mandavit,
1113 1793 1149 1848 ut
1170 1784 1210 1847 ab
1232 1783 1312 1848 urbe
1333 1780 1430 1847 vallet

313 1869 418 1934 cirusd
440 1867 581 1953 digredi,
603 1890 643 1932 ne
666 1888 745 1931 occu
769 1876 875 1931 aretur
896 1865 936 1930 ab
959 1867 1106 1930 inimicis.
1150 1865 1195 1931 At
1220 1865 1273 1932 ille
1296 1877 1429 1953 quanto·

313 1954 382 2018 cius
405 1951 518 2016 urbem
538 1973 700 2037 egressus,
727 1889 768 2016 ad
795 1949 960 2016 castellum
982 1950 1176 2016 Hamersten
1202 1951 1291 2016 venit
1318 1951 1429 2036 ibique

312 2036 499 2123 aliquandiu
513 2044 736 2100 commoratur.
772 2034 873 2100 Filius
887 2057 964 2100 vero
978 2035 1177 2120 Mogontiam
1192 2037 1288 2118 venit,
1306 2033 1429 2120 legatos

313 2121 502 2206 'liningiam
531 2128 605 2206 post
634 2121 743 2206 episco
767 2142 823 2183 um
849 2120 947 2184 mittit
975 2129 1107 2184 etcum
1134 2119 1272 2204 gloriose
1299 2130 1428 2184 sanctae

312 2204 501 2281 aecclesiae,
530 2225 641 2288 aqua
670 2203 732 2289 dep
768 2225 822 2266 sus
850 2204 954 2268 fuerat
980 2225 1000 2267 a
1026 2214 1132 2289 patre,
1161 2203 1308 2268 restituit.
1351 2204 1430 2268 Post

312 2289 392 2353 haec
417 2298 509 2374 pater
540 2287 654 2351 videns
683 2286 919 2350 multitudinem
941 2289 1125 2374 principum
1154 2310 1195 2352 ax
1221 2287 1309 2352 omni
1329 2307 1429 2370 regno

313 2372 514 2458 Mogontiam
534 2369 692 2435 confluere
708 2381 740 2434 et
757 2369 925 2458 apostolici
943 2373 1078 2436 nuncios
1107 2371 1250 2461 debere]
1265 2373 1430 2452 interesse,

314 2466 347 2522 et
367 2478 427 2542 pro
448 2463 535 2520 certo
557 2455 671 2536 sciens,
689 2455 770 2602 lquia
790 2453 874 2518 filius
889 2455 1036 2541 generale
1054 2477 1091 2520 co
1117 2456 1248 2542 oquium
1268 2453 1315 2519 ibi
1334 2452 1430 2519 vellet

314 2538 441 2622 habere,
464 2542 619 2624 cogitans,
642 2540 669 2603 si
703 2549 770 2603 orte
791 2548 900 2624 posset
920 2537 1027 2626 aliqua
1040 2541 1170 2605 racione
1191 2562 1300 2605 eorum
1321 2537 1431 2603 volun-

313 2634 412 2689 tatem
433 2625 673 2708 interrumpere,
694 2624 840 2710 premisit
859 2622 1034 2708 palatinum
1058 2624 1252 2711 Sigefridum
1280 2632 1312 2688 et
1333 2624 1432 2688 comi-

315 2718 379 2774 tem
390 2706 637 2788 Willehelmum,
661 2708 715 2792 qui
730 2707 835 2771 adhuc
857 2707 1006 2773 conducti
1020 2709 1167 2774 mercede
1182 2731 1293 2772 secum
1307 2729 1430 2771 reman-

316 2801 432 2873 serant,
454 2791 481 2854 si
501 2791 582 2856 forte
604 2793 783 2876 potuissent
802 2792 986 2857 condictum
1008 2791 1162 2878 placitum
1182 2790 1238 2854 filii
1256 2793 1300 2854 im
1326 2789 1429 2871 edire;

314 2877 485 2962 ipsumque
505 2884 580 2960 post
601 2897 665 2958 eos,
687 2875 837 2961 predixit,
866 2898 935 2940 esse
957 2875 1039 2940 clam
1061 2885 1239 2940 venturum.
1314 2894 1430 2959 umque

316 2959 358 3025 ad
378 2958 491 3024 silvam
506 2980 588 3058 quae
602 2969 735 3024 vocatur
749 2959 833 3025 San²
848 2960 1051 3025 advenissent
1065 2967 1096 3023 et
1110 2956 1209 3022 filium
1224 2979 1299 3021 cum
1313 2977 1431 3041 magno

316 3045 461 3110 exercitu
481 3042 544 3106 aha
564 3052 655 3128 parte
676 3045 867 3129 reperissent
888 3045 980 3130 eique
994 3044 1126 3108 minime
1144 3043 1290 3106 resistere
1311 3043 1431 3128 potuis-

316 3138 395 3210 sent,
416 3125 524 3192 media
536 3137 631 3192 nocte
652 3127 762 3226 fugam
783 3129 931 3192 inierunt.
974 3127 1049 3212 Ipse
1063 3135 1170 3190 autem
1189 3148 1243 3190 eos
1257 3126 1430 3208 insecutus,

315 3211 358 3276 ad
374 3209 609 3277 Confluentiam
630 3220 733 3296 ven1t3
755 3210 801 3275 ibi
821 3220 945 3296 patrem
966 3233 1008 3275 ex
1029 3209 1092 3275 alia
1113 3221 1203 3297 parte
1224 3209 1364 3273 fluminis
1385 3210 1432 3273 in·

235 3296 413 3371 “cnvenit
457 3293 604 3381 Cumque
619 3295 713 3359 ambo
735 3294 815 3360 inibi
837 3296 1067 3377 convenissent,
1089 3305 1182 3381 pater
1196 3295 1331 3358 nuncios
1346 3294 1433 3358 misit

316 3380 358 3445 ad
388 3377 506 3462 filium,
538 3401 655 3465 rogans
685 3402 723 3444 ea
749 3401 830 3466 quae
858 3379 948 3464 pacis
974 3388 1056 3442 sunt.
1106 3377 1208 3444 Filius
1234 3400 1313 3444 vero
1345 3388 1432 3442 trans

315 3463 436 3529 flumen
456 3463 497 3528 ad
519 3473 645 3550 patrem
665 3464 806 3546 veniens,
835 3486 869 3528 se
890 3462 1027 3550 pedibus
1053 3461 1111 3526 filii
1133 3463 1183 3528 sui
1204 3461 1362 3544 advolvit,
1389 3471 1430 3542 et,

340 3550 395 3613 uia
421 3547 506 3613 filius
529 3557 560 3612 et
589 3548 719 3632 sanguis
746 3548 815 3612 eius
837 3557 934 3628 esset,
955 3546 1118 3612 recordari
1139 3545 1252 3630 vellet,
1280 3545 1431 3610 monuit‘.

317 3571 362 3698 lt
383 3643 493 3698 contra
513 3631 597 3696 filius
618 3631 717 3717 patris
756 3631 867 3696 enibus
888 3630 1067 3713 advolutus,
1090 3631 1233 3716 rogabat,
1256 3641 1292 3695 ut
1306 3637 1431 3775 aposto-

317 3717 380 3782 lico
401 3726 434 3782 et
455 3717 541 3781 omni
561 3736 660 3801 regno
681 3738 721 3780 ve
746 3723 777 3779 et
798 3714 941 3798 obedire3
972 3714 1060 3801 quod
1082 3716 1109 3778 si
1130 3713 1236 3797 nollet,
1263 3735 1320 3778 cae
1333 3720 1431 3778 estem

406 3896 431 3950 a)
447 3908 459 3938 e
475 3908 556 3939 acorr.
573 3909 591 3939 c.
636 3894 660 3948 b)
676 3895 814 3944 nongentis
828 3907 846 3937 a.
899 3893 921 3948 c)
937 3895 989 3936 1111?
1033 3893 1057 3948 (1)
1074 3898 1138 3936 cetus
1153 3905 1209 3936 corr.
1226 3894 1284 3934 citus
1299 3904 1318 3935 e.
1364 3891 1386 3946 a)
1401 3893 1433 3934 ua

318 3967 385 3996 maan
401 3957 421 4005 2,
437 3957 488 3997 ultio
502 3955 581 3999 acidia
641 3953 827 4007 nullatum:
844 3956 934 3996 monuit
948 3967 974 4007 a,
989 3966 1039 3995 occa
1053 3965 1125 3994 naec.

414 4106 441 4172 1)
468 4105 697 4174 Hirsoupiemem.
800 4104 830 4174 2)
859 4104 894 4158 Ia
912 4105 1022 4158 deutra
1050 4102 1150 4167 Blaesi,
1178 4102 1248 4154 inter
1275 4101 1381 4172 Biapea
1409 4109 1433 4154 et

321 4178 483 4242 Baclcrocls,
503 4178 549 4230 aa
567 4178 805 4233 Soneckcracltlosa.
843 4178 875 4232 P.
