3156 4882
295 307 332 360 68
584 303 750 356 ANNALES
769 301 1126 355 HILDESHEIBOENSES.

295 479 464 556 missarum
479 473 658 538 constitutis
677 482 742 536 tem
765 472 875 536 oribus
891 481 923 535 et
937 470 1191 537 dedicationibus
1206 471 1413 537 ecclesiarum

296 583 354 625 seu
385 558 638 624 ordinationibus
668 494 973 621 aecclisiasticorum
1006 556 1180 641 graduum,
1218 558 1251 621 in
1282 559 1412 643 proprio

294 655 420 711 tantum
435 644 633 744 episcopatu,
655 638 718 704 sibi
732 641 861 727 suisque
876 639 1114 705 successoribus
1128 662 1149 704 a
1161 641 1305 726 predicto
1327 663 1413 728 papa

296 730 482 794 Innocentro
516 725 700 812 promeruit.
753 727 831 790 Post
863 724 943 788 haec
968 726 1140 810 imperator
1167 746 1239 788 curn
1267 725 1352 789 suis·
1379 727 1413 789 in

233 821 235 826 '
297 814 402 879 reditu
413 833 489 877 cum
503 810 543 875 ad
558 809 666 874 locum
678 809 839 896 quendam
849 809 997 890 venisset,
1013 809 1068 894 qui
1082 817 1213 895 propter
1225 810 1303 874 situs
1314 831 1413 894 angu-

297 899 391 962 stiam
406 895 482 961 Olus
491 908 512 976 ¹,
535 893 626 982 quasi
647 892 820 980 preclusus,
844 903 1032 957 vocatur-
1047 894 1166 979 quippe
1181 915 1222 956 ex
1236 914 1301 956 una
1322 903 1413 992 parte

297 980 514 1047 excelsissimo
536 989 643 1043 monte
658 977 833 1058 adiacente,
856 999 898 1041 ex
912 975 1012 1040 altera
1031 985 1121 1061 parte
1142 976 1412 1063 profundissimoh

297 1065 427 1129 flumine
450 1072 608 1144 currente,
637 1063 691 1125 via
716 1064 751 1126 in
778 1060 882 1126 medio
911 1070 1047 1146 quatuor
1074 1082 1129 1124 seu
1182 1062 1302 1148 uinque
1323 1062 1414 1126 itine-

298 1151 436 1214 rantium
466 1145 560 1210 simul
588 1146 697 1246 spacio
724 1155 853 1230 patente
875 1185 925 1226 —,
956 1154 987 1209 et
1014 1165 1088 1208 cum
1114 1083 1235 1209 ibidem
1262 1147 1413 1210 transitus

298 1232 503 1318 imperatoric
530 1229 571 1294 ab
601 1228 714 1294 meotis
742 1229 1024 1314 negaretur,·ipse
1049 1228 1130 1292 miro
1152 1238 1269 1293 eventu
1291 1240 1323 1294 et
1343 1252 1414 1316 per-

299 1319 411 1402 spicuo
448 1315 513 1379 Dei
548 1312 667 1377 auxilio
704 1313 840 1377 eundern
875 1311 982 1376 locum
1018 1311 1163 1377 celeriter
1196 1313 1414 1398 irrumpendo,

297 1401 415 1487 fugatis
437 1397 591 1479 hostibuS,
613 1419 688 1462 cum
710 1398 775 1460 suis
797 1397 979 1483 pertransiit
1000 1405 1031 1460 et
1053 1397 1164 1462 urbem
1190 1399 1224 1460 in
1244 1395 1414 1484 supercilio

298 1486 400 1571 ipsius
428 1481 658 1548 excelsissimi‘1
685 1483 801 1546 montis
829 1481 966 1566 positam
993 1481 1157 1566 repentino
1183 1479 1306 1545 assultu
1328 1483 1416 1568 cepit

300 1580 332 1634 et
351 1568 531 1654 principem
545 1565 687 1630 eiusdem
707 1565 796 1630 urbis
811 1565 973 1650 captivum
996 1586 1105 1628 secum
1128 1563 1272 1630 abduxit.
1337 1565 1413 1629 Duo

300 1651 425 1733 circuli,
453 1651 555 1714 m'aior
581 1660 613 1714 et
639 1651 760 1732 minor,
789 1650 874 1712 circa
902 1647 1001 1712 solem
1026 1659 1243 1733 apparuerunt
1264 1651 1318 1714 3.θ
1339 1648 1414 1714 Kal.

299 1736 373 1800 Iulii
395 1736 480 1798 circa
492 1734 604 1798 horam
625 1734 772 1809 terciam3
794 1733 900 1796 minor
921 1731 1056 1795 circulus
1071 1732 1215 1797 ambiens
1260 1732 1414 1820 rincipale

194 1817 455 1904 tunsatemplum
475 1816 783 1883 Patherbrunnensis
812 1816 895 1880 sedis
921 1826 953 1881 et
974 1816 1076 1880 maior
1104 1755 1307 1881 circumdans
1338 1818 1414 1882 civi-

299 1914 398 1968 tatem
428 1901 550 1967 ibidem
582 1899 828 1966 consistentibus
856 1899 1035 1966 videbatur.
1088 1899 1165 1987 Ipsa
1194 1901 1245 1966 die
1277 1899 1355 1965 hora
1383 1901 1413 1966 9.

300 1989 407 2074 ipsum
428 1984 584 2074 templum
599 2007 670 2048 cum
688 1986 774 2049 omni
795 1985 861 2049 fere
877 1985 1014 2066 civitate,
1035 1983 1243 2070 prohdolor!
1266 1985 1414 2050 incendio

302 2063 522 2156 conflagravit.
607 2069 757 2155 Eclypsis
780 2068 854 2133 solis
875 2068 960 2133 facta
974 2077 1022 2133 est
1035 2070 1065 2133 4.
1081 2067 1162 2133 Non.
1177 2071 1316 2154 Augusti
1331 2071 1416 2133 circa

199 2169 259 2220 Aus-
271 2156 413 2220 theram
435 2157 466 2236 6,
487 2155 522 2217 in
542 2163 667 2218 tantum
688 2163 724 2217 ut
744 2152 853 2216 stellae
873 2151 1009 2216 incaelo
1024 2163 1223 2238 apparerent.
1297 2153 1416 2238 Magna

301 2238 490 2326 inequalitas
512 2239 593 2302 aeris
616 2247 648 2301 et
676 2235 855 2322 pluviarum
879 2236 1044 2300 inundatio
1073 2259 1131 2322 per
1159 2247 1261 2302 totum
1288 2247 1415 2322 tempus

299 2324 413 2388 messis
445 2320 615 2385 subsecuta
647 2329 704 2385 est.
804 2321 877 2384 Rex
910 2320 1075 2384 Danorum
1107 2319 1251 2406 pluribus
1282 2321 1416 2386 advenis

301 2405 486 2472 Teutonicis
507 2415 625 2469 terram
640 2425 730 2468 suam
744 2403 957 2468 incolentibus
971 2405 1184 2470 tnmcationes
1198 2403 1415 2468 membrorum

299 2491 386 2556 facit.
431 2489 517 2638 Haqll
520 2489 560 2553 de
582 2507 679 2554 causa
699 2489 872 2574 imperator
886 2509 983 2575 super
1004 2509 1077 2552 eum
1092 2487 1328 2574 expeditionem
1349 2509 1415 2552 mo-

300 2593 376 2640 vere
395 2576 484 2639 intcn
508 2574 541 2638 't.

386 2659 477 2723 1134.
527 2659 706 2742 Imperator
734 2655 853 2742 pascha
880 2655 1073 2721 Halverstad
1100 2658 1234 2742 peragit.
1278 2655 1329 2720 Ibi
1357 2678 1416 2720 rex

188 2743 468 2819 maravanorum
488 2743 635 2822 veniens,
661 2763 730 2806 sese
751 2742 785 2803 in
791 2749 996 2887 fpotestatem
1024 2741 1222 2827 imperatoris
1243 2739 1341 2806 tradit
1362 2741 1416 2806 ob-

300 2827 449 2912 sidesque
471 2825 535 2907 dat,
556 2826 770 2889 iuramentum
804 2825 876 2906 acit,
904 2847 938 2889 se
961 2845 1221 2910 successoresque
1244 2845 1318 2889 suos
1339 2845 1416 2888 non-

300 2911 364 2974 nisi
388 2910 549 2996 permissu
576 2908 795 2995 imperatorisf
822 2929 1105 3008 successorumque
1128 2929 1258 2977 suorum
1280 2931 1416 2994 regnum

300 2995 507 3092 adepturum3
533 3002 565 3057 et
600 2990 732 3079 pulchro
766 2991 947 3078 spectaculo
979 2991 1075 3056 nullrs
1103 3002 1187 3057 retro
1216 2991 1416 3079 temporibus

300 3079 424 3160 audno,
450 3078 521 3163 ipso
548 3087 658 3142 sancto
686 3076 738 3143 die
767 3076 906 3163 paschae
935 3076 1020 3140 idem
1041 3099 1101 3141 rex
1121 3075 1299 3160 Danorum,
1326 3078 1415 3162 regio

302 3183 391 3227 more
406 3161 585 3243 coronatus,
608 3182 715 3224 coram
730 3169 881 3225 coronato
903 3159 943 3224 de
958 3183 1046 3226 more
1067 3162 1260 3246 imperatore
1274 3160 1416 3246 gladium

300 3247 403 3332 ipsius
450 3254 547 3326 artat,
570 3253 601 3308 et
616 3245 661 3307 sic
683 3245 717 3308 in
730 3246 833 3330 gratia
846 3245 1047 3343 imperatoris
1062 3245 1257 3344 repatriavit.
1323 3245 1418 3310 Nort-

301 3330 411 3395 bertus
424 3267 734 3476 bqagedeburgensis
763 3327 1023 3414 archieprscopus
1051 3328 1146 3412 obrit;
1175 3330 1228 3393 cui
1250 3327 1417 3396 Oonradus

304 3433 467 3478 successi.

389 3497 480 3562 1135.
521 3496 694 3560 Dominica
714 3505 787 3560 ante
814 3495 950 3560 mediam
978 3495 1270 3582 quadragesimam,
1299 3497 1421 3562 scilicet

185 3581 357 3650 utendo.
377 3579 451 3645 Kal.
473 3578 602 3666 Aprilis,
624 3578 774 3666 frequens
795 3581 978 3666 principum
1006 3579 1072 3644 fere
1099 3581 1196 3646 totius
1225 3604 1259 3647 re
1307 3583 1313 3597 '
1345 3597 1419 3645 con-

305 3675 420 3730 ventus
450 3665 485 3728 lit
505 3663 593 3749 apud
614 3663 818 3750 Bavenberg,
846 3665 890 3728 im
915 3675 1036 3728 eratore
1050 3675 1219 3751 presente.
1281 3666 1328 3747 bi,
1355 3665 1419 3729 Dei

306 3749 409 3836 gratia
423 3749 593 3834 aspirante,
615 3745 799 3812 Fridericus
814 3748 882 3812 dux
891 3686 1075 3814 buevorum
1092 3749 1317 3815 comitantibus
1332 3751 1419 3835 prin-

396 3936 419 3989 s)
436 3948 493 3978 ::::
509 3938 545 3978 uls
560 3949 577 3979 r.
594 3939 618 3977 ia
632 3949 702 3988 mara.
718 3939 783 3988 aad&
800 3949 852 3978 cum
867 3939 915 3978 suis
930 3938 1139 3981 macenariam
1154 3940 1254 3980 restituit.
1270 3940 1295 3984 P.
1341 3939 1366 3992 b)
1383 3952 1420 3982 ex·

309 3997 436 4038 celsissimo
451 4008 508 4037 corr.
524 3997 704 4046 profundissimo
718 4008 736 4038 c.
782 3995 803 4048 c)
820 3999 869 4046 regi
885 3997 944 4039 Ana.
961 3997 1004 4040 Gal.
1056 3998 1079 4050 d)
1096 3999 1247 4039 excelsimiml
1261 4011 1280 4042 a.
1340 3999 1363 4054 e)
1379 4001 1421 4044 VI.

308 4055 368 4096 Asa.
384 4056 427 4096 θοι.
487 4052 583 4108 {treats
598 4056 657 4098 Ana.
674 4055 717 4096 σοὶ.

403 4207 429 4269 1)
450 4204 562 4257 aaaron
581 4205 618 4256 ad
629 4205 745 4272 fluvium
763 4205 876 4271 Εμεαοῖε,
895 4203 970 4272 infra
990 4204 1131 4258 Briciaam
1155 4206 1328 4274 Tyrolemcm.
