3156 4882
299 283 334 334 60
584 281 751 332 ANNALES
771 279 1128 332 HILDESHEIMENSES.

299 465 389 532 gente]
410 459 442 514 et
456 449 511 510 in·
533 493 1165 512 .....................
1181 443 1270 510 milia
1290 447 1419 511 Mauro-

297 555 371 596 rum
398 531 584 597 occidemnt
611 545 643 596 et
668 531 833 596 thesauros
861 531 946 617 regis
973 530 1139 596 Babilonie
1167 539 1416 617 occupaverunt.

299 615 402 680 Filius
424 617 628 701 imperatoris
650 615 833 702 Heynricus
854 613 978 680 levatur
999 619 1036 680 ia
1057 620 1194 699 repere*a
1212 615 1416 702 Aquisgrani,

301 697 450 766 Odnrado
478 721 554 784 rege
584 721 656 764 cum
685 700 824 764 inimicis
846 700 947 785 patris
970 700 1019 763 sui
1044 701 1078 762 in
1100 697 1205 763 Ytalia
1226 701 1419 764 consistente

299 793 331 850 et
353 784 578 848 consentiente.

386 867 477 931 1100.
523 879 695 947 [Godefridus
715 881 768 932 dux
787 881 863 949 obiit]
885 876 917 930 et
937 888 1001 930 non
1022 864 1118 951 longe
1140 887 1160 928 a
1182 877 1292 931 sancto
1315 863 1418 951 sepul-

300 951 377 1016 chro
386 949 541 1100 ffiliml
556 949 654 1031 lacet,
675 962 733 1032 [pro
754 980 806 1044 quo
826 964 907 1016 frater
921 965 987 1032 eius]
1000 948 1202 1014 Baldewlnus
1219 963 1418 1032 [constituiturJ.

299 1207 462 1268 commoni
477 1197 610 1265 consilio
625 1199 694 1284 regi
714 1199 812 1262 fidem
834 1203 1062 1288 servitiumque
1084 1203 1366 1267 demandaverunt
1387 1209 1417 1262 et

298 1297 334 1352 ut
355 1290 401 1353 ad
423 1311 455 1351 se
476 1285 599 1350 veniret
618 1283 653 1346 in
673 1283 821 1368 proximo
843 1284 963 1368 pascha
983 1287 1208 1350 invitaverunt.

386 1370 477 1434 1105.
521 1370 614 1433 Rea⁰
636 1365 829 1432 Halverstad
850 1369 938 1432 venit
960 1379 991 1433 et
1006 1371 1185 1452 canonicos,
1208 1391 1287 1468 quos
1304 1365 1416 1432 Fride-

298 1455 384 1532 ricus
406 1456 577 1541 episcopus
599 1453 714 1516 iniuste
730 1450 905 1536 expulerat,
926 1450 1005 1516 locis
1027 1465 1058 1518 et
1073 1453 1167 1520 rebus
1183 1476 1248 1518 suis
1261 1452 1415 1530 restituit,

299 1541 460 1626 ceterique
483 1538 634 1602 canonic-i
655 1537 758 1600 banno
781 1534 954 1617 solvuntur,
977 1559 1014 1601 eo
1033 1538 1123 1686 puod
1144 1539 1229 1623 regis
1245 1535 1415 1600 Heinricil

299 1622 557 1688 anathematizati
580 1621 732 1705 episcopo
755 1632 990 1686 consenserant.
1050 1622 1112 1686 nde
1130 1644 1189 1686 rex
1211 1620 1289 1685 adiit
1303 1619 1415 1683 Hilde-

298 1705 452 1771 nesheim.
498 1705 644 1790 Cumque
666 1703 738 1768 urbi
753 1704 1035 1790 appropinquaret,
1057 1705 1132 1770 Udo
1154 1707 1325 1792 episcopus
1341 1725 1413 1767 cum

298 1791 410 1875 paucis
432 1789 520 1853 abiit.
565 1786 720 1852 Canonici
740 1809 816 1852 vero
838 1787 945 1853 banno
968 1787 1148 1872 solvuntur,
1175 1789 1312 1853 ordinati
1334 1789 1416 1852 sicut

299 1884 331 1938 et
353 1873 514 1937 ordinator
542 1871 582 1936 ab
612 1871 718 1936 officio
746 1871 992 1958 suspenduntur.
1036 1874 1114 1938 Post
1142 1895 1219 1939 vero
1245 1875 1415 1970 episcopus

299 1958 525 2021 canonicorum
538 1954 669 2020 consilio
680 1967 846 2020 revocatus
858 1957 961 2039 rediit,
977 1966 1008 2022 et
1019 1955 1125 2021 banno
1137 1956 1267 2034 solutus,
1280 1967 1416 2042 gratnm

298 2042 383 2126 regis
422 2040 568 2126 optinuit.
622 2041 745 2106 Eodem
773 2064 861 2106 anno
887 2052 1061 2106 conventus
1085 2044 1282 2128 principare
1306 2041 1350 2124 fit
1378 2043 1414 2104 in

299 2124 500 2203 Northuson,
532 2125 648 2188 iuvene
673 2146 750 2208 rege
799 2125 970 2208 residente,
999 2125 1179 2190 Rothardus
1208 2127 1415 2210 Mogontinus

298 2209 559 2294 archiepiscopus
581 2217 613 2271 et
635 2148 836 2272 Givehardus
859 2209 1112 2274 Constantiensis
1134 2211 1304 2296 episcopus
1327 2209 1413 2273 sedis

299 2293 498 2377 apostolicae
519 2291 636 2377 tapeti,
666 2291 773 2356 multis
802 2292 949 2376 capitulis
981 2295 1136 2376 recitatis,
1169 2294 1372 2380 symoniacos
1394 2313 1414 2354 a

299 2387 409 2441 sancta
431 2373 587 2440 aecclesia
602 2373 812 2440 eliminandos
833 2398 902 2440 esse
919 2387 1119 2442 censuerunt.
1162 2378 1321 2442 Ieiunium
1337 2397 1414 2462 qua-

296 2468 370 2543 tuor
389 2468 578 2545 temporum.
1414 2533 1416 2538 ¹

384 2545 474 2608 1106.
519 2545 717 2608 Heinricuse
742 2545 921 2628 imperator
941 2545 1057 2611 Leodii
1080 2557 1227 2612 moratas
1253 2547 1414 2610 somniare

296 2629 402 2692 relata
428 2629 567 2714 dipnarn
594 2629 687 2696 vidit.
730 2629 871 2692 Patebat
898 2632 983 2694 enirn
1011 2633 1162 2716 aequasi
1188 2633 1225 2694 ia
1247 2631 1414 2694 viridario

293 2715 442 2797 proceris
465 2713 638 2776 arboribus
660 2715 782 2776 consito
811 2713 1035 2797 deernssbalarm
1062 2739 1203 2801 quarum
1232 2738 1314 2799 qaae
1336 2715 1413 2778 enai-

296 2800 426 2861 nentior
446 2795 626 2878 videbatur,
644 2795 686 2860 ad
700 2803 816 2860 terram
832 2818 984 2862 corruens
1005 2819 1102 2861 unam
1116 2797 1267 2862 arborum
1283 2819 1413 2883 oppres-

297 2881 338 2943 sit
359 2891 390 2944 et
411 2888 513 2944 terrae
535 2901 641 2944 secum
663 2882 844 2965 prostravit.
887 2880 1014 2946 Deinde
1036 2893 1160 2946 ceterae
1182 2883 1310 2946 arbores
1332 2901 1410 2968 pau-

296 2961 384 3028 latim
416 2962 524 3048 lapsae
557 2972 639 3027 sunt.
693 2962 789 3044 Quod
821 2973 934 3051 postea
964 2967 1011 3030 rei
1042 2967 1146 3030 exitus
1179 2963 1410 3051 comprobavit.

194 3075 255 3128 mg,
266 3079 286 3119 π,
296 3048 476 3134 Imperator
507 3049 592 3113 enim
620 3070 685 3112 non
712 3048 808 3134 longe
840 3061 914 3135 post
941 3061 1013 3114 octo
1046 3049 1160 3114 diebus
1190 3059 1355 3134 egrotans,
1378 3051 1407 3114 9.

288 3133 431 3199 ,moritur
453 3142 484 3196 et
504 3133 538 3194 in
560 3131 715 3197 aecclesia
737 3135 839 3197 sancti
852 3131 1015 3198 Lamberti
1038 3155 1145 3198 coram
1167 3131 1259 3198 altari
1282 3144 1410 3198 sanctae

295 3215 416 3279 Mariae
436 3215 618 3279 tumulatur.
665 3216 784 3296 Quinto
806 3216 923 3281 abhinc
944 3217 994 3282 die
1009 3239 1117 3282 comes
1132 3217 1348 3282 Theodericus
1370 3217 1411 3282 de

295 3298 436 3363 Embike
458 3299 655 3385 Aquisgrani
681 3301 824 3364 moritur.
868 3301 947 3364 Dux
967 3302 1106 3388 Magnus
1129 3301 1294 3366 Saxonum
1317 3302 1412 3367 mori·

296 3393 358 3466 tur,
381 3393 413 3448 et
433 3383 569 3447 ducatus
590 3383 742 3469 Liutgero
765 3383 804 3447 de
828 3383 1086 3484 Supelingeburg
1109 3385 1361 3450 commendatur.

382 3468 472 3532 1107.
515 3468 605 3553 Papa
632 3490 674 3532 ex
700 3466 815 3553 synodi
842 3477 996 3534 sententra
1025 3469 1112 3556 apud
1133 3470 1253 3534 Trecas
1275 3469 1410 3534 Rhthar-

295 3549 372 3615 dum
398 3551 451 3616 Mo
476 3552 619 3616 ontinum
648 3551 838 3638 episcopum
862 3553 904 3618 ab
930 3553 1034 3618 officio
1057 3552 1232 3640 suspendit,
1259 3575 1296 3618 eo
1323 3551 1408 3652 quod

294 3633 443 3700 Udonem
491 3634 806 3701 ildenesheimensem
822 3637 889 3701 sine
904 3637 1075 3702 aecclesiae
1091 3660 1248 3702 consensu
1261 3637 1409 3716 restrtuit,

294 3729 326 3784 et
358 3721 434 3866 (puio
459 3719 688 3805 Reynhardum
720 3731 829 3786 contra
860 3723 930 3786 iura
959 3743 1116 3786 canonum
1146 3719 1407 3786 Halverstadensi

293 3825 369 3869 aecc
382 3805 467 3868 asiae
500 3804 667 3869 ordinavit.
722 3803 843 3870 Similis
871 3808 1027 3871 sententia
1055 3806 1094 3871 de
1117 3803 1301 3870 Givehardo
1325 3801 1409 3868 Con-

292 3888 458 3954 stantiensi
479 3887 604 3970 daturf,
634 3891 709 3974 quia
734 3888 784 3953 his
806 3891 967 3955 consensit
995 3891 1048 3976 qui
1072 3886 1305 3954 Godescalcum
1328 3887 1408 3952 Min-

381 4019 404 4074 a)
420 4022 658 4072 recompensatam
671 4023 711 4072 leat
723 4029 837 4073 nequeant.
883 4019 916 4075 ‘cl
932 4023 958 4064 in
973 4033 991 4063 r.
1007 4021 1232 4062 aremarensem.
1278 4018 1302 4072 b)
1319 4023 1409 4072 quaein

292 4081 1024 4133 marasertptacrant,endor.Sammrpplenda5r.fleh.-B.p.108.
1071 4079 1092 4132 c)
1108 4081 1188 4121 tuccia
1195 4081 1306 4130 superiora·
1313 4081 1410 4131 marytre

291 4140 379 4188 scripto,
395 4140 499 4180 incertum
514 4142 544 4181 ad
556 4152 617 4192 quem
630 4143 751 4190 pertineant
766 4152 856 4183 annam.
924 4139 948 4192 d)
964 4141 993 4181 Η.
1009 4153 1025 4182 c.
1094 4137 1115 4192 e)
1131 4141 1255 4181 Helnrlcus
1270 4151 1338 4192 suque
1354 4141 1411 4180 cml·

291 4199 384 4239 nendos
397 4200 502 4249 supplevit
516 4200 540 4242 P.
558 4212 583 4241 ea
598 4199 728 4252 Arctoas
745 4202 769 4241 in
783 4202 853 4241 codiee
867 4202 911 4241 tam
926 4201 993 4240 delete
1007 4203 1065 4241 rant.
1126 4197 1144 4252 f)
1162 4201 1175 4240 d
1191 4201 1235 4241 tam
1250 4200 1356 4240 abrasum
1371 4203 1409 4243 est.
