3156 4882
418 331 583 384 ANNAIAES
603 331 960 386 Hmonsflnmassns.
1214 335 1250 384 33

7 475 9 482 ,
133 497 249 563 litanus
268 497 367 564 abbas
389 499 552 563 successit.
589 497 777 563 Thiedricus
792 499 968 564 Mindensis
986 500 1096 585 presul
1112 502 1160 565 11.
1175 499 1248 566 Kal.

133 583 213 647 Mar.
236 582 391 647 discessit.
434 583 512 647 Post
533 603 629 667 quern
651 580 850 665 Alberichus‚
875 581 1016 648 eiusdem
1047 583 1109 649 loci
1135 605 1250 670 prepo-

91 745 94 750 ,
134 667 223 748 situs,
246 675 294 730 est
315 665 449 747 electus,
481 664 538 730 sed
567 676 669 731 morte
690 676 862 751 preventus
890 689 950 730 nec
979 669 1249 733 consecrationem

134 771 211 814 acce
234 750 260 813 it
291 770 351 813 nec
384 751 417 812 in
445 747 629 812 cathedram
662 751 820 834 pervenit.
875 749 1083 834 sigiberhdus
1106 773 1188 816 ,vero
1215 751 1250 814 in

134 834 375 918 episcopatum
411 833 548 896 intravit.
606 832 754 896 Domnus
787 833 998 898 Bernwardus
1030 833 1249 899 Hildeneshei-

14 925 15 928 ’
134 917 291 980 mensium
313 913 503 980 venerabilis
532 916 663 980 antistes
687 917 735 980 12.
750 915 823 980 Kal.
844 917 998 983 Decemb.
1021 917 1064 981 ad
1085 917 1248 984 Christum
1257 939 1273 979 r.
1283 939 1329 982 ιε’.

133 1001 175 1062 m'
216 1002 292 1065 avit·
319 1063 322 1068 .

166 1023 217 1084 lgr
281 1081 344 1148 Oui
364 1083 455 1147 Deus
477 1083 600 1147 aeterni
621 1091 742 1167 prestet
763 1086 930 1148 consorcia
949 1085 1056 1183 regni3

363 1167 484 1232 Vivens
505 1187 579 1230 arce
599 1165 676 1250 poli,
698 1167 738 1228 sit
760 1168 865 1231 socius
887 1167 1016 1232 Lazari!
1049 1167 1164 1233 Amen.

132 1251 172 1314 In
194 1252 285 1316 cuius
306 1249 376 1314 loco
398 1250 551 1315 domnum
567 1249 813 1331 Gonnrrnnnnu,
835 1249 1093 1316 Herfeldensium
1117 1261 1149 1316 et
1161 1251 1250 1317 Alta-

133 1333 279 1397 hcnsium
297 1334 388 1432 prius
413 1333 577 1414 abbatem,
607 1341 717 1396 sancta
742 1333 876 1398 ecclesia
897 1335 958 1399 sibi
979 1337 1110 1420 suisque
1131 1333 1250 1400 utiliter

133 1416 329 1500 subrogavit.

217 1500 310 1564 Ηοοιι
324 1522 419 1582 anno,
437 1498 585 1564 videlicet
597 1501 689 1563 incor
712 1501 793 1564 orati
806 1501 897 1566 verbi
911 1499 1079 1565 millesimo
1090 1503 1141 1584 22,
1156 1501 1249 1586 regni

133 1604 209 1648 vero
249 1583 393 1648 Heinrici
431 1584 631 1668 imperatoris
662 1521 718 1664 hl,
758 1583 956 1648 ordinatione
994 1593 1100 1648 autem
1139 1584 1249 1648 domni

132 1665 331 1731 Bnnrwsanr
361 1667 454 1730 huius
487 1665 640 1731 ecclesiae
672 1666 807 1752 presulis
846 1667 1022 1731 venerandi
1054 1669 1111 1750 31,
1146 1667 1247 1732 indic-

133 1749 225 1814 cione
259 1751 297 1832 5,
324 1751 354 1816 3.
384 1749 458 1817 Kal.
495 1749 629 1831 Octob.‚
664 1749 759 1814 huius
796 1751 981 1815 monasterii
1018 1753 1191 1816 oratorium
1227 1773 1248 1816 a

132 1833 255 1918 prefato
287 1835 427 1898 antistite
459 1855 533 1897 cum
565 1853 691 1896 summo
719 1833 843 1898 decoris
870 1833 975 1898 studio
1007 1834 1049 1898 ad
1081 1834 1247 1899 utilitatem

132 1917 338 1982 monachicae
359 1918 424 1980 vite
445 1925 672 1996 constructum,
698 1917 783 1980 foras
804 1939 913 1980 muros
934 1915 1247 1982 Hildinisheimensis

132 1998 222 2062 urbis
244 2001 349 2081 situm,
372 1998 557 2063 dedicatum
578 2009 636 2080 est,
656 2001 789 2084 insuper
803 2021 877 2062 cum
893 2001 980 2062 omni
1001 1999 1176 2064 devocione
1198 2023 1248 2065 ec-

132 2080 328 2146 clesiasticae
342 2081 400 2146 reli
437 2103 505 2145 oms
520 2090 752 2164 consecratum,
767 2081 934 2147 inhonore
949 2080 1115 2146 salvatoris
1126 2083 1248 2146 domini

131 2166 232 2229 nostri
259 2165 356 2229 ihesu
381 2103 500 2229 Cileni
531 2175 563 2229 et
595 2165 663 2228 eius
691 2166 861 2250 genetricis
893 2187 1019 2312 semper
1041 2188 1082 2230 ue
1113 2167 1248 2252 virginis

131 2248 253 2313 Mariae
279 2270 318 2312 ac
340 2247 493 2313 salutiferi
519 2247 599 2333 ligni
627 2247 809 2314 adorandae
831 2259 864 2314 et
883 2250 949 2314 vivi
974 2271 1029 2314 cae
1077 2251 1182 2313 crucis
1215 2260 1246 2315 et

7 2365 8 2368 ¹
131 2331 173 2394 ad
195 2331 332 2418 speciale
353 2331 567 2418 patrocinium
593 2334 694 2396 sancti
715 2332 901 2398 Michahelis
922 2331 1103 2418 archangeli
1130 2334 1247 2398 tocius-

131 2437 194 2500 que
229 2415 368 2481 miliciae
405 2415 485 2481 caeli
524 2426 555 2480 et
595 2414 638 2478 ad
676 2415 804 2502 laudem
845 2417 1065 2480 veneracionis
1101 2418 1245 2480 omnium

130 2510 315 2565 sanctorum
328 2500 403 2581 Dei,
424 2523 444 2564 a
464 2499 645 2564 venerando
661 2499 803 2564 eiusdem
818 2500 950 2564 ecclesie
971 2501 1136 2585 provisore
1146 2501 1247 2563 Bern-

130 2584 230 2649 vardo
264 2593 296 2648 et
332 2583 373 2652 ab
406 2580 584 2646 honorabili
616 2581 782 2647 Urswmo
815 2581 1030 2668 archipresule
1062 2581 1244 2646 Hamobur·

129 2669 238 2752 gensis
257 2666 418 2748 ecclesiae,
439 2664 480 2730 ab
495 2665 689 2728 Emnsuno
709 2686 837 2764 quoque
857 2664 1058 2730 Sliesvicensi
1078 2665 1244 2764 episcopo,
1300 2717 1304 2724 .

7 2809 29 2834 ,ι
130 2750 172 2814 ab
194 2749 399 2814 Remhardo⁰
422 2747 552 2836 quidem
573 2746 847 2834 Aldenburgensrs
875 2747 1029 2813 ecclesiae
1056 2760 1316 2814 reverenbs-ma.

130 2836 212 2898 simo
233 2834 387 2914 antistite,
415 2832 457 2898 ad
486 2830 718 2896 ecclesiasticae
746 2833 835 2919 pacis
856 2833 1020 2897 munimen
1047 2831 1142 2897 etad
1164 2833 1244 2897 chri-

130 2917 298 2984 stianitatis
312 2915 447 2982 salutem
468 2924 500 2980 et
514 2913 746 2999 defensionem,
768 2927 801 2981 et
820 2917 854 2979 in
875 2924 999 2980 tantum
1019 2915 1133 3002 predia
1147 2925 1179 2980 et
1192 2938 1244 2981 res

129 3001 244 3066 eodem
264 2999 335 3065 loco
356 3001 547 3087 pertinentia
573 3009 647 3064 sunt
671 2999 777 3065 banno
798 3001 994 3064 auctoritatis
1015 3021 1126 3064 eorum
1148 2999 1245 3063 stabi-

128 3084 194 3167 lita,
215 3094 262 3166 ut,
282 3085 310 3148 si
332 3083 499 3232 quisfflinde
513 3083 546 3148 vi
567 3091 624 3146 aut
644 3093 757 3168 sponte
775 3083 884 3169 aliqua
904 3083 1064 3169 diriperet,
1087 3092 1244 3168 perpetua

129 3169 339 3234 damnacione
353 3191 392 3232 su
426 3187 519 3232 acere
564 3175 597 3230 et
616 3175 772 3252 perpetuo
790 3166 991 3232 anathemate
1012 3167 1190 3248 damnatus,
1212 3174 1245 3230 et

128 3253 170 3317 de
190 3262 276 3318 terra
294 3247 472 3338 viventium
492 3247 624 3332 deletus,
666 3251 700 3313 ui
721 3250 796 3314 huic
816 3248 887 3314 loco
902 3259 985 3316 esset
1005 3251 1039 3313 in
1060 3248 1166 3336 aliquo
1190 3249 1244 3316 ob-

128 3336 245 3399 noxius
266 3343 299 3399 et
319 3335 505 3416 contrarius.
547 3333 630 3414 Fiat,
694 3343 720 3416 t,
741 3333 813 3399 fiat!

176 3423 179 3427 '
274 3417 347 3482 Hoc
367 3399 567 3510 inspersis,
590 3415 716 3482 Christo
737 3426 892 3516 regnante
912 3439 971 3502 per
991 3417 1101 3482 evum!

128 3499 196 3567 Sed
223 3521 301 3563 mox
334 3495 685 3588 eiusdemqmonasterii
712 3499 929 3565 habrtaculum
958 3501 1164 3564 commissum
1195 3509 1244 3564 est

55 3589 58 3594 '
126 3583 171 3649 ad
207 3581 384 3668 regendum
398 3580 545 3648 sstabb'dtis
579 3582 683 3647 officio
720 3584 939 3665 Gonsasmvo,
978 3582 1103 3648 cenobii
1124 3583 1242 3648 ¹sancti

126 3665 330 3734 Pantaleonis
350 3667 522 3754 preposito.

247 3751 345 3832 Quod
365 3752 419 3836 pie
439 3762 514 3813 na'm
533 3748 627 3830 rexit,
647 3747 709 3814 hoc
729 3749 849 3814 mundo
870 3747 1025 3836 quamdiu
1044 3748 1138 3812 vixit.

211 3833 282 3899 Ind.
310 3835 340 3916 6,
370 3833 460 3898 1023.
502 3831 663 3896 Mersibur
711 3833 885 3920 imperator
906 3831 1025 3897 Christi
1050 3831 1241 3896 incarnatio·

127 3939 202 3984 nem
229 3917 411 3984 solemniter
436 3913 617 3982 celebravit.
703 3938 757 3982 ero
786 3913 1107 4002 Parthenopolitanus
1139 3913 1241 3978 archi-

126 4000 237 4088 presul
259 4001 348 4066 obiit.
391 3999 452 4066 Oui
466 3998 667 4082 Hunfiithus,
689 4000 740 4064 vir
760 4021 819 4086 per
840 4000 946 4064 omnia
960 3997 1002 4062 ad
1015 4019 1109 4063 usum
1131 4006 1242 4063 sancte

216 4151 583 4205 thiemarus-teporem.
627 4150 801 4211 mammosa.
848 4149 1169 4204 clBsezzz::::quldsm
1183 4163 1243 4194 corr.

123 4223 182 4255 noco.
199 4213 248 4254 XV.
262 4214 376 4255 Benacus
392 4213 508 4264 quondam
522 4224 541 4254 e,
