3156 4882
334 331 366 380 10
620 328 785 380 ANNALES
805 329 1163 383 HILDESHEIMENSES.
1235 353 1239 366 ·

423 501 467 552 12.
506 500 605 552 Contra
624 517 690 568 quos
703 500 818 554 Karolus
838 502 937 554 auxilio
950 502 1005 552 Dei
1023 501 1115 566 fretus,
1135 503 1343 555 Sarracenorum
1361 503 1449 554 infini-

330 581 384 626 tam
403 573 601 626 multitudinem
620 573 699 626 simul
719 590 778 626 cum
797 591 861 642 rege
881 592 971 627 eorum
990 577 1148 642 prostravit,
1173 577 1340 642 devictisque
1364 577 1447 628 hosti·

329 649 388 712 bus,
409 664 469 699 cum
487 648 620 714 triumpho
639 647 798 712 regreditur.

423 721 466 770 13.
503 719 618 772 Karolus
636 721 821 787 Burgundiam
839 729 942 788 petens,
961 719 1122 786 Lugdunum
1143 727 1170 772 et
1189 723 1312 774 civitates
1330 720 1450 788 reliquas

330 809 377 846 sue
398 793 514 845 ditionia
533 793 649 860 subegit.
687 793 764 844 Beda
787 795 927 861 presbyter
951 794 1061 845 moritur
1084 809 1154 846 anno
1175 795 1237 845 730.
1256 797 1449 846 incarnationis

330 868 449 919 Domini.

424 941 465 992 14.
504 939 582 991 Eudo
597 939 649 990 dux
662 939 713 990 hac
726 945 887 1007 tempestate
901 943 1019 992 moritur.
1052 941 1111 1004 Quo
1125 947 1236 1003 mortuo,
1257 939 1350 992 carlus
1364 939 1447 1005 Aqui·

330 1015 403 1065 tanie
422 1014 559 1079 regionem
581 1013 682 1079 absque
702 1013 774 1064 bello
793 1015 898 1080 recipit.

424 1086 467 1137 15.
486 1085 585 1137 Karlus
595 1085 686 1136 navali
697 1088 837 1138 evectione
846 1088 994 1138 Fresonnm
1005 1103 1117 1154 regnum
1127 1087 1286 1153 penetravit.
1297 1086 1449 1136 Interfectis

330 1160 501 1222 Fresonibns,
520 1159 676 1225 Popponem
697 1159 792 1210 ducem
812 1161 957 1224 interemit,
975 1159 1052 1211 lucos
1073 1165 1100 1210 et
1117 1159 1181 1210 iana
1199 1161 1337 1222 subvertit,
1361 1161 1449 1210 victor

331 1249 391 1283 cum
409 1233 494 1299 prede
512 1247 610 1298 magna
629 1233 778 1284 revertitur.

251 1307 320 1350 tuo‘.
422 1306 578 1372 Sarraceni,
611 1304 726 1356 collecta
754 1321 834 1356 mann
862 1305 968 1369 valida,
999 1305 1177 1356 avinnionem
1205 1305 1297 1355 urbem
1331 1305 1448 1372 capiunt,

330 1380 455 1444 regiones
470 1380 677 1444 circumquaque
691 1383 837 1430 vastantes.
867 1378 1003 1430 Adversus
1017 1395 1084 1444 qnos
1098 1377 1210 1430 Carolus
1224 1393 1298 1427 arma
1310 1378 1449 1444 arripiens,

330 1451 365 1502 ad
389 1451 538 1517 predictam
558 1451 651 1503 urbem
677 1453 802 1502 occurrit.
841 1451 943 1502 Civitas
969 1451 1109 1503 obsidione
1128 1449 1239 1513 vallata,
1259 1451 1390 1502 machinis
1408 1451 1448 1500 in-

329 1527 446 1586 structis,
466 1526 578 1590 capitur,
598 1539 750 1591 magnaque
769 1532 873 1590 strages
892 1525 1007 1576 hostium
1027 1523 1149 1575 efficitur.

419 1597 534 1648 Karolus
547 1597 694 1648 Gothorum
713 1596 780 1648 fines
799 1599 958 1664 penetravit,
977 1597 1131 1649 Narbonem
1145 1596 1259 1660 obsedit,
1278 1611 1342 1662 rege
1357 1597 1448 1647 Sarru-

331 1685 457 1722 cenorum
478 1670 586 1721 Athima
605 1671 677 1721 intus
695 1670 809 1722 incluso.

421 1743 563 1794 Sarraceni
580 1746 608 1794 in
621 1743 755 1810 Hispania
774 1745 820 1810 qui
840 1743 1072 1794 commorabantur
1090 1744 1118 1792 in
1136 1743 1236 1793 vicinia
1254 1743 1323 1793 haec
1336 1740 1448 1792 audien·

328 1823 378 1880 tes,
397 1817 493 1866 armati
512 1832 572 1866 cum
591 1832 655 1880 rege
675 1833 722 1868 suo
743 1821 892 1868 occurrunt.

421 1889 519 1940 Contra
538 1905 604 1955 quos
623 1889 738 1942 Karolus
758 1889 903 1952 dimicans,
928 1905 1019 1956 regem
1040 1905 1100 1940 cum
1119 1887 1218 1956 populo
1238 1905 1286 1940 auo
1307 1885 1448 1949 interficit3

329 1963 375 2028 qni
394 1961 514 2028 gladium
534 1963 649 2014 evadere
668 1969 800 2030 poterant,
826 1964 946 2014 ascensis
965 1963 1087 2026 navibus,
1111 1963 1139 2012 in
1159 1977 1231 2012 mare
1251 1961 1360 2012 dimersi
1379 1965 1448 2023 suut,

327 2036 441 2087 Francis
466 2051 546 2102 super
566 2053 612 2088 eos
633 2051 692 2086 curn
718 2037 832 2089 navibus
852 2041 880 2086 et
897 2035 994 2088 iaculis
1013 2035 1213 2099 infestantibus;
1237 2036 1330 2102 sicque
1350 2033 1449 2083 Franci

329 2108 363 2158 de
383 2109 503 2160 hostibus
522 2109 725 2176 triumphantes,
744 2110 855 2176 predam
875 2125 1001 2174 magnam
1021 2115 1048 2160 et
1067 2110 1232 2176 captivorum
1251 2105 1447 2160 multitudinem

330 2197 362 2232 ca
381 2183 449 2233 iunt.

363 2199 380 2249 p
419 2255 567 2320 Regionum
582 2254 707 2305 Gothiam
725 2254 858 2320 urbesque
877 2255 1077 2316 famosissimas,
1095 2255 1266 2320 Nemausum,
1286 2255 1400 2324 Agatem
1422 2257 1448 2302 et

327 2325 444 2393 reliquas
464 2328 581 2392 capiunt,
601 2327 743 2378 destructis
762 2327 875 2378 moeniis
894 2341 979 2391 usque
998 2325 1033 2376 ad
1051 2325 1233 2376 fundamenta.

419 2399 533 2450 Karolns
553 2399 705 2450 tributarios
725 2399 791 2450 lecit
810 2399 938 2450 Saxones.

421 2471 536 2523 Karolus
555 2473 584 2521 in
596 2473 734 2538 regionem
753 2472 906 2522 Proviutiae
925 2470 1082 2538 ingreditur,
1101 2471 1193 2536 fugato
1214 2471 1283 2522 duce
1298 2472 1448 2538 Maurento,

328 2547 375 2612 qui
394 2545 557 2596 Sarracenos
576 2561 624 2612 per
644 2545 733 2596 dolum
752 2547 806 2596 iam
827 2545 925 2596 dudum
945 2546 1114 2606 invitaverat,
1141 2549 1263 2595 cunctam
1283 2546 1447 2598 Provintiam

329 2623 357 2669 et
374 2620 507 2669 maritima
526 2617 574 2668 illa
592 2619 654 2669 loca
672 2635 737 2670 suae
758 2619 853 2670 ditioni
872 2619 987 2684 subegit,
1007 2623 1034 2668 et
1052 2618 1197 2670 Frexones.

419 2690 542 2754 Karolus,
562 2691 657 2743 Gothis
677 2693 818 2758 superatis,
838 2691 988 2743 Saxonibus
1004 2691 1133 2752 subactis,
1153 2691 1308 2744 sarracenis
1322 2692 1448 2760 expulsis,

327 2764 470 2814 Provintiis
488 2765 613 2830 receptis,
632 2780 744 2829 regnum
763 2765 927 2815 Francorum
947 2759 1083 2815 feliciterb
1108 2764 1262 2830 possidens,
1286 2767 1395 2817 moritur
1420 2769 1448 2817 in

259 2855 263 2864 ·
306 2857 309 2864 Δ
327 2835 393 2886 villa
411 2835 535 2902 publice⁰
548 2837 708 2902 Wrembria,
728 2853 798 2888 auno
821 2837 883 2887 741.
904 2838 1097 2887 incarnationis
1117 2836 1264 2900 dominice3
1288 2845 1349 2904 post
1368 2854 1447 2904 quem

330 2909 382 2960 duo
401 2909 479 2959 libari
499 2911 555 2960 eius
575 2915 688 2976 regnaut
706 2926 767 2961 ann.
788 2911 832 2960 27.

256 2991 274 3036 t.
284 2993 320 3037 ur.
423 2981 616 3035 carlomannus
637 2999 696 3034 cum
716 2984 797 3034 fratre
815 2983 930 3048 Pippino
949 2983 1072 3047 regnavit
1090 2997 1152 3031 ann.
1172 2983 1197 3036 7.

422 3056 615 3108 carlomannus
635 3063 662 3108 et
681 3057 810 3124 Pippinus
829 3054 982 3106 Hunoldum
1007 3069 1050 3104 res
1074 3069 1158 3106 novas
1183 3054 1335 3106 molientem
1360 3059 1448 3124 oppri-

329 3135 412 3190 munt,
433 3135 459 3180 et
477 3131 506 3180 iu
524 3131 583 3198 ipso
602 3131 698 3181 itinere
712 3145 823 3195 regnum
836 3129 906 3179 inter
917 3143 955 3192 se,
975 3127 1039 3194 quid
1053 3129 1165 3194 quisque
1178 3129 1297 3193 haberet,
1316 3129 1448 3182 dividunt.

419 3202 471 3252 Per
496 3201 568 3252 idem
595 3209 700 3270 tempus
726 3201 875 3253 rebellante
899 3199 1068 3252 Theotbaldo
1093 3197 1308 3254 carlomannum
1332 3206 1449 3255 vastavit

328 3273 505 3326 alamaniam.
1153 3320 1155 3324 .

421 3346 613 3398 carlomannus
634 3353 660 3399 et
672 3347 802 3414 Pippinus
821 3348 849 3397 in
861 3347 1015 3398 Buioariam
1036 3348 1181 3398 exercitum
1202 3347 1302 3399 ducunt
1320 3348 1448 3402 adversus

327 3419 520 3471 Uodilonem0.

422 3491 616 3544 Carlomannus
641 3493 769 3544 adversus
794 3492 913 3544 Saxones
944 3492 1055 3544 dimicat
1085 3499 1112 3544 et
1147 3499 1263 3546 castrum
1289 3489 1449 3560 Onseburgf

327 3567 408 3634 capit.

308 3647 312 3652 '
418 3637 591 3698 Bonefacius,
610 3639 651 3688 vir
670 3643 778 3690 sanctus
799 3638 833 3689 de
852 3653 951 3704 genere
971 3638 1127 3704 Anglorum,
1146 3639 1252 3704 legatus
1273 3639 1448 3692 Germanicus

326 3711 465 3760 Romanae
480 3710 623 3774 ecclesiae,
641 3711 830 3778 Magontiacae
845 3713 962 3764 civitatis
977 3714 1119 3780 episcopua
1132 3714 1277 3764 ordinatur.
1316 3713 1367 3774 Qui
1386 3729 1448 3780 pre-

327 3782 462 3834 dicatione
475 3799 524 3834 sua
536 3782 635 3836 multos
647 3784 767 3851 'populos
779 3782 984 3851 Thuringorum,
1002 3785 1158 3849 Bessorum,
1177 3799 1281 3836 necnon
1300 3790 1328 3835 et
1339 3786 1448 3837 Austra-

327 3857 426 3908 siornm
451 3855 486 3906 ad
510 3855 591 3907 fidem
610 3863 713 3908 rectam
734 3864 760 3909 et
780 3859 951 3911 christianum
971 3855 1144 3923 religionem,
1169 3872 1186 3907 a
1205 3872 1258 3922 qua
1277 3856 1323 3908 diu
1341 3857 1448 3910 abe'rra-

327 3934 430 3994 verant,
451 3931 592 3981 couvertit.
631 3931 686 3982 Sed
706 3936 733 3982 et
751 3934 914 3984 monasteria
932 3931 1125 3982 monachorum
1143 3945 1178 3981 ac
1196 3930 1329 3996 virginum
1348 3934 1448 3998 primum

326 4003 355 4052 in
373 4003 493 4069 partibus
511 4003 635 4055 Austriee
655 4020 764 4056 exorsus
785 4011 835 4057 est.
872 4005 935 4072 Ipse
954 4005 982 4054 in
1002 4009 1090 4055 castro
1108 4002 1261 4068 Wirciburg
1280 4003 1371 4056 sedem
1392 4007 1448 4072 epi·

327 4075 464 4142 scopalem
479 4077 653 4141 constituens,
666 4077 969 4130 aunuenteOarlmanno
980 4083 1008 4128 et
1024 4076 1184 4128 auctoritate
1194 4076 1336 4142 apostolici
1350 4093 1448 4145 papae.

415 4174 438 4228 a)
453 4175 553 4217 dictione
569 4188 588 4219 c,
648 4176 672 4228 b)
689 4177 818 4220 felicitare.
879 4175 900 4228 c)
916 4175 1005 4226 pollice
1019 4185 1037 4216 e.
1091 4172 1115 4226 d)
1133 4173 1229 4216 Callon.
1245 4187 1264 4218 o.
1318 4175 1341 4229 e)
1356 4176 1413 4218 Ued.
1429 4189 1448 4221 c.

327 4233 345 4285 7)
361 4233 393 4274 itu
404 4245 449 4285 pro
465 4234 547 4278 Oheeb.
563 4246 583 4276 a.
