3156 4882
300 358 336 408 36
588 359 753 410 ANNALES
773 357 1133 410 HILDESHEIMENSES.

300 527 473 613 episcopus
502 533 534 590 et
551 523 654 596 ¹Aribo
681 525 943 612 metropolitanus
964 526 1148 611 Mogontiae
1175 526 1257 592 inter
1284 549 1318 592 se
1339 527 1418 594 invi-

301 632 371 676 cem
393 633 490 696 super
511 608 716 674 Gaudeshem
737 609 952 674 reconciliatin
975 619 1057 676 sunt.
1100 609 1184 674 Nam
1211 610 1281 695 ipse
1301 620 1416 676 metro-

298 693 459 778 politanus
481 701 604 779 patrem
620 691 871 757 Godeharduml
888 702 1009 758 secreto
1025 694 1181 773 convenit,
1204 715 1303 781 seque
1318 717 1356 758 su
1380 717 1415 759 er

299 777 411 842 eadem
432 775 602 862 parrochia
623 797 744 841 errasse
766 776 947 840 confitendo
961 777 1131 859 nuntiavit,
1153 787 1185 842 et
1206 799 1332 841 omnem
1354 718 1414 842 ha-

298 871 421 926 temam
450 859 714 941 satisfactionem,
748 860 805 924 sed
833 868 865 924 et
892 857 932 924 de
960 861 1112 946 preterita
1138 858 1193 924 lite
1224 869 1414 945 perpetuam

297 943 546 1008 taciturnitatem
576 945 635 1008 sub
664 965 740 1008 vero
763 944 883 1008 Christi
909 952 941 1008 et
962 942 1114 1009 ecclesiae
1141 943 1322 1008 testimonio
1343 966 1414 1030 pro-

299 1029 401 1110 misit3
423 1026 486 1091 sibi
528 1029 614 1092 riora
635 1036 739 1092 errata
757 1051 815 1112 per
829 1027 936 1090 Deum
958 1027 1084 1109 remitti,
1108 1026 1295 1113 suppliciter
1314 1029 1415 1112 petiit.

297 1110 389 1176 Istud
410 1133 445 1175 er
468 1133 486 1176 ο
506 1049 562 1176 lie
583 1110 656 1174 ideo
678 1113 835 1176 veraciter
855 1111 1056 1192 inscribitur,
1085 1111 1171 1196 quia,
1193 1111 1263 1195 ipso
1286 1110 1414 1176 domino

299 1131 511 1259 Godeharbob
535 1195 645 1280 sepius
667 1195 753 1258 idem
769 1196 803 1258 in
818 1216 876 1258 suo
892 1216 1037 1258 sermone
1059 1193 1189 1279 publice
1210 1203 1414 1279 protestante,

297 1301 410 1343 verum
433 1300 502 1343 esse
518 1277 754 1364 comprobatur.
789 1278 973 1342 Unevvanus
986 1277 1295 1362 Hammaburgensis
1317 1277 1416 1341 archi-

226 1385 316 1430 riae
340 1363 470 1447 iscopus
492 1360 588 1445 obiit;
611 1362 663 1424 cui
685 1383 760 1426 suus
782 1363 963 1447 prepositus
978 1359 1109 1426 Liebiao
1131 1362 1293 1426 successit.
1336 1361 1416 1426 Aec-

300 1385 431 1509 clesiam
464 1446 561 1510 etiam
597 1443 762 1531 pulchram
794 1445 828 1508 in
860 1443 1065 1508 Holthunonl
1098 1446 1132 1508 in
1163 1445 1283 1508 honore
1315 1447 1417 1509 sancti

299 1527 466 1594 Benedicti
486 1529 621 1608 abbatis,
644 1527 851 1593 monachicae
870 1528 1100 1592 conversationi
1122 1537 1241 1613 aptam,
1262 1528 1415 1593 fundavit.

383 1611 454 1676 Ind.
478 1613 530 1695 14,
562 1613 653 1676 1031.
698 1611 886 1677 Ouomadus
916 1613 1090 1696 imperator
1116 1611 1256 1675 natalem
1284 1611 1417 1676 Domini

172 1713 229 1764 apr.
246 1715 282 1758 11.
299 1696 564 1760 Patherbrunnen
592 1705 625 1760 et
676 1691 774 1760 ascha
794 1695 976 1779 Nuvimago
1004 1695 1138 1759 feriavit
1181 1694 1306 1758 Eodem
1332 1717 1416 1759 anno

299 1779 502 1863 imperatoris
525 1778 609 1841 filius
666 1778 827 1842 einrichus
848 1801 917 1860 rex,
939 1778 1061 1864 etipse
1083 1779 1151 1843 dux
1172 1778 1355 1860 Baioariae,
1385 1789 1417 1843 et

300 1860 481 1946 Stephanus
503 1885 563 1928 rex
582 1861 636 1926 Un
659 1864 764 1926 arious
794 1883 865 1925 cum
894 1863 1073 1926 iuramento
1101 1862 1241 1926 invicem
1271 1861 1416 1926 firmave-

297 1956 373 2009 runt
392 1967 517 2031 pacem.
560 1944 604 2009 Et
659 1946 807 2027 einricus,
839 1945 993 2032 Stephani
1014 1946 1098 2030 regis
1119 1944 1203 2008 filius
1251 1943 1319 2008 dux
1340 1945 1416 2008 Rui-

297 2051 424 2112 zorum,
451 2030 486 2092 in
507 2030 676 2094 venatione
697 2028 738 2094 ab
760 2051 839 2115 apro
861 2029 1023 2112 discissus,
1050 2030 1147 2114 periit
1166 1993 1313 2092 flebiliter
1333 2051 1415 2094 mor-

297 2123 383 2178 tuus.
444 2113 625 2198 Imperator
656 2134 730 2176 oum
766 2134 867 2198 parvo
901 2111 1067 2176 Saxonum
1105 2114 1249 2177 exercitu
1281 2110 1415 2177 Sclavos

299 2195 477 2260 autumnali
498 2205 643 2280 tempore
664 2196 781 2259 invasit
802 2206 834 2260 et
853 2195 1093 2278 Mysechonem,
1115 2195 1171 2260 diu
1186 2197 1248 2261 sibi
1268 2197 1415 2260 resisten-

297 2287 374 2360 tem,
402 2279 567 2363 regionem
589 2278 698 2340 Lusizi
723 2298 798 2339 cum
819 2276 958 2361 ahqu0t⁰
980 2277 1114 2341 urbibus
1136 2288 1169 2342 et
1189 2278 1302 2362 preda,
1332 2301 1414 2364 quae

295 2359 456 2459 prioribus
485 2360 577 2423 annis
606 2361 639 2422 in
670 2359 812 2424 Saxonis
838 2359 922 2421 faeta
950 2368 1013 2438 est,
1044 2361 1209 2424 restituere
1236 2380 1413 2456 pacemque

296 2453 475 2508 1uramento
497 2443 625 2507 firmare
647 2442 762 2528 coegit.
807 2441 872 2522 Qui
886 2441 1040 2526 Mysecho
1061 2451 1134 2527 post
1148 2464 1266 2506 mensrs
1288 2453 1413 2508 tantum

296 2529 436 2614 spatium
457 2551 477 2592 a
496 2527 593 2592 fratre
613 2548 671 2591 suo
686 2525 876 2590 Beabriemo
898 2522 1004 2588 subita
1023 2526 1188 2590 invasione
1208 2525 1414 2610 proturbatus

297 2629 330 2685 et
350 2619 393 2684 ad
408 2597 596 2686 (ldalricum
616 2620 651 2682 in
665 2616 799 2682 Beheim
819 2616 930 2702 fugere
951 2625 1000 2680 est
1014 2614 1197 2702 conpulsus.
1241 2617 1307 2682 Sed
1328 2618 1414 2682 idem

295 2703 467 2768 Bezbrimo
488 2702 675 2800 imperatori
696 2721 847 2765 coronam
869 2723 943 2765 cum
964 2700 1034 2764 aliis
1055 2699 1226 2786 regalibus,
1249 2723 1332 2786 quae
1354 2702 1415 2766 sibi

295 2786 394 2850 frater
421 2787 490 2851 eius
510 2787 627 2850 imuste
654 2793 877 2870 usurpaverat,
906 2785 1080 2848 transmisit
1106 2805 1144 2847 ac
1171 2794 1273 2849 semet
1303 2784 1415 2848 humili

296 2869 500 2935 mandamine
521 2891 579 2955 per
598 2867 720 2951 legatos
735 2888 809 2932 suos
829 2868 1015 2952 imperatori
1032 2867 1235 2932 subditurum
1257 2869 1412 2954 promisit.

221 2977 289 3023 ste.
382 2951 532 3018 Amolfus
563 2960 654 3037 pater
684 2951 869 3016 monasterii
900 2950 1142 3034 Herveldensis,
1175 2953 1347 3037 precipuus
1379 2953 1414 3016 in

296 3036 413 3101 divinis
435 3046 468 3101 et
487 3035 634 3100 humanis
655 3034 763 3116 rebus,
789 3033 990 3120 quorundam
1009 3034 1143 3100 fratrum
1165 3056 1203 3100 eo
1223 3033 1288 3100 loci
1309 3037 1413 3100 euius-

295 3120 371 3184 dam
403 3120 544 3185 oriminis
577 3118 756 3184 obiectione
795 3127 981 3200 accusatus,
1020 3117 1243 3184 miserabiliter
1281 3120 1411 3205 proprio

294 3203 415 3268 honore
443 3213 492 3268 est
518 3202 673 3289 privatus.
715 3201 755 3264 In
783 3201 875 3264 ouius
896 3199 960 3265 loci
986 3201 1240 3267 vicissitudinem
1261 3204 1412 3288 subroga-

295 3293 346 3349 tur
367 3287 499 3368 Baros,
529 3294 717 3370 procurator
745 3285 892 3348 coenobii
921 3283 1174 3368 Wirdunensis¹,
1208 3287 1412 3371 suggestione

297 3367 417 3434 Grsnsu
454 3369 500 3432 im
524 3367 675 3434 eratricis.
728 3367 844 3431 Eidem
874 3389 952 3432 vero
985 3368 1126 3433 Bardoni
1159 3370 1315 3436 successit
1347 3369 1412 3434 Gn-

295 3475 419 3517 nonnus
507 3450 614 3516 densis
643 3450 828 3516 monachus.
879 3447 1054 3538 Wiggerus
1083 3451 1259 3517 Vardensis
1291 3455 1410 3539 episco-

295 3557 357 3622 pus
389 3533 484 3619 obiit;
513 3545 586 3622 post
618 3555 713 3633 quem
745 3534 948 3600 Thietmarus
976 3536 1116 3602 intravit.
1169 3536 1295 3600 Eodem
1327 3557 1410 3599 anno

294 3619 368 3702 piae
397 3629 430 3685 et
460 3616 649 3684 venerabihs
676 3619 849 3684 memoriae
880 3617 987 3684 Anmo
1009 3619 1278 3704 Mogontiaoensis
1309 3618 1412 3682 arohi-

295 3725 314 3766 e
338 3703 467 3790 iscopus
489 3723 587 3766 causa
608 3701 758 3766 orationis
780 3702 917 3766 Romam
938 3703 1031 3785 adiit3
1059 3700 1198 3801 indeque
1218 3700 1411 3787 digrediens,

326 3788 408 3850 umis
429 3787 459 3852 8.
480 3785 529 3852 Id.
552 3784 672 3870 April,
698 3783 833 3850 abiah!
863 3808 905 3851 ex
925 3785 987 3850 hae
1008 3786 1076 3850 vita
1103 3785 1262 3870 mrgravit.
1307 3782 1408 3849 Cuius

294 3870 424 3935 honoris
455 3870 672 3955 principatum
704 3869 842 3955 optinuit
872 3868 979 3934 Bardo
984 3915 1006 4016 ὲ
1028 3879 1105 3934 tunc
1136 3890 1239 3953 nuper
1268 3867 1411 3953 prelatus

295 3951 397 4020 abbas
418 3952 621 4018 Herfeldensi
648 3954 850 4018 monasterio.
894 3952 959 4018 Sed
1006 3953 1060 4016 uic
1088 3973 1214 4038 quoque
1242 3973 1320 4016 mox
1341 3974 1414 4017 suo-

385 4115 408 4168 s)
424 4117 564 4158 raconttttstt
578 4128 597 4158 c.
656 4113 681 4168 b)
698 4114 727 4158 (t.
742 4128 759 4156 c.
819 4115 841 4169 e)
857 4115 952 4166 aliquod
967 4125 1024 4156 corr.
1040 4114 1130 4164 aliquot
1143 4125 1161 4156 e.

387 4235 415 4302 1)
438 4235 580 4291 Osterbola.
655 4235 685 4304 2)
710 4235 829 4290 Werdeo.
