3156 4882
180 192 447 334 cmm-w

192 318 392 396 numm·

199 425 422 497 nas-27

202 520 374 598 issu?

259 878 398 978 Mapna
420 891 605 975 compilatio
628 891 785 956 historica
807 913 890 978 quae
906 891 1090 957 Annalium
1106 895 1296 961 Hildeshei-

176 979 334 1041 mensium
367 977 496 1038 nomine
517 973 634 1058 fertur
666 985 770 1039 enstat
801 979 838 1040 in
872 977 1014 1040 coelice
1046 978 1299 1044 Parisiensi

140 1103 143 1109 Δ
177 1061 241 1125 Nr.
258 1059 343 1123 6114
366 1058 459 1143 (olim
485 1059 812 1141 1023.1125.5993),
833 1059 961 1124 membr.
983 1063 1020 1124 in
1040 1064 1085 1144 4⁰,
1110 1087 1131 1126 a
1153 1063 1297 1128 diversis
1354 1069 1359 1078 '

177 1144 394 1230 scriptoribus
416 1166 441 1205 s.
456 1143 605 1205 X-XII.
628 1153 776 1224 enarum,
799 1147 949 1230 quivere
973 1147 1202 1232 autopraphon
1225 1149 1294 1212 dici

174 1238 288 1314 potest,
312 1251 382 1291 cum
405 1230 440 1290 in
457 1227 515 1290 hoc
530 1226 691 1290 volumine
713 1231 866 1312 temporis
882 1229 1022 1292 olecursu
1038 1253 1059 1293 a
1075 1231 1293 1314 compluribus

177 1337 216 1377 ea
245 1315 311 1376 sint
339 1313 526 1396 conscripta
554 1333 636 1396 quae
663 1313 833 1376 historiam
863 1337 884 1376 a
905 1313 1023 1377 mundi
1047 1317 1219 1399 principio
1248 1317 1298 1380 ael

177 1419 207 1460 a.
224 1419 325 1481 usque
343 1395 432 1459 1137.
448 1395 622 1460 deducunt.
657 1393 752 1468 Quod
766 1397 846 1481 quin
862 1397 1092 1462 Hilelesheimii
1103 1398 1236 1481 factum
1251 1403 1295 1464 sit

176 1480 325 1544 dubitari
346 1480 495 1563 nequit¹:
525 1501 609 1563 quae
640 1481 684 1543 ael
713 1481 799 1542 hanc
828 1481 936 1545 urbem
964 1484 1096 1568 ejusque
1125 1485 1293 1568 episcopos

170 1565 336 1648 pertinent
356 1566 490 1648 saepius
505 1564 686 1648 majoribus
707 1563 823 1628 litteris
844 1574 921 1628 sunt
942 1577 1097 1648 ecarata,·
1113 1571 1299 1652 posteriori

174 1657 313 1731 tempore
332 1646 494 1712 nonnulla
510 1649 626 1712 addita
642 1671 752 1712 eorum
768 1649 937 1714 historiam
951 1649 1155 1714 illustrantia
1165 1661 1188 1733 ²,
1212 1650 1297 1734 alia,

196 1754 258 1795 uae
298 1741 379 1796 certe
411 1756 436 1796 s.
466 1732 532 1796 XV.
570 1733 708 1797 codicem
745 1733 792 1796 ihi
823 1743 986 1798 seruatum
1019 1757 1084 1798 esse
1113 1737 1298 1820 probantss.

174 1756 288 1901 blojor
308 1839 382 1880 vero
406 1816 580 1880 annalium
597 1839 684 1902 pars
707 1816 842 1881 aliunde
857 1827 963 1882 sumta
977 1821 1107 1884 minime
1131 1820 1176 1884 ad
1196 1820 1311 1884 eccle-'

175 1902 260 1964 siam
295 1901 386 1964 illam
419 1899 539 1984 referri
562 1910 685 1985 potest,
720 1923 755 1964 eo
783 1923 856 1964 uero
878 1912 1046 1985 praestat,
1076 1904 1163 1989 quod
1192 1926 1297 1990 opera·

175 1984 358 2068 compluria
372 2007 513 2069 mapnae
529 1985 734 2048 auctoritatis
754 1984 925 2068 deperdita
947 1988 1040 2048 nobis
1062 1989 1202 2050 servavit
1213 1987 1298 2072 fere

173 2069 315 2152 intepra.
369 2067 411 2130 Icl
439 2067 526 2152 quod
556 2067 802 2214 dispuisitiones
831 2069 952 2132 nostris
985 2070 1179 2152 temporibus
1213 2071 1288 2136 dili-

173 2161 284 2236 penter
304 2153 495 2216 institutae*
517 2161 605 2216 osten
630 2161 740 2234 erunt,
769 2174 852 2238 quas
881 2175 969 2216 nunc
995 2176 1157 2218 recensere
1182 2164 1211 2218 et
1240 2156 1297 2219 cli·-

166 2237 325 2322 judicare
355 2245 501 2300 nostrum
526 2258 593 2299 non
616 2245 794 2320 putamus,
825 2260 862 2300 ea
892 2247 1018 2302 tantum
1048 2235 1186 2303 allaturi
1228 2263 1294 2305 uae

173 2343 213 2383 en
232 2321 343 2405 ipsius
365 2320 486 2385 coelicis
508 2319 618 2384 indole
633 2318 851 2404 efficiuntur&
874 2345 966 2408 quem
980 2323 1173 2386 Berolinum
1216 2323 1294 2390 .Cl.

178 2404 417 2468 Wattenbachio
428 2413 554 2489 petente
568 2409 794 2470 transmissum
804 2415 881 2490 post
892 2407 1052 2471 Pertzium
1063 2409 1179 2471 iterum
1191 2430 1289 2492 quum

174 2490 416 2552 accuratissime
445 2490 636 2552 enaminare
665 2499 694 2550 et
722 2513 794 2552 cum
822 2489 917 2552 editis
939 2490 1087 2571 conferre
1138 2493 1293 2555 otuimus..

255 2571 335 2652 Rufi
360 2572 446 2635 Festi
468 2572 668 2634 breviarium
697 2574 819 2655 encipit
844 2571 955 2656 f.12.
983 2573 1081 2638 Liber
1106 2515 1148 2638 be
1178 2573 1293 2639 ordine,

173 2661 364 2740 temporum,
386 2655 424 2718 icl
445 2663 489 2718 est
510 2655 614 2718 breuis
632 2675 742 2717 rerum
758 2657 972 2740 antiquarum
995 2667 1193 2742 conspectus,
1215 2681 1285 2735 ma·

172 2761 274 2824 pnam
299 2747 426 2822 partem
454 2761 494 2802 en
523 2739 675 2802 chronico
697 2739 963 2827 Isidori,.cujus
988 2742 1161 2842 praefatio
1187 2765 1291 2828 prae-1

171 2823 318 2904 mittitur,
334 2832 467 2886 sunaus.
498 2823 757 2908 Nonnumquam
770 2846 845 2888 oero
859 2825 957 2889 uerba
971 2848 1037 2890 siue
1053 2827 1171 2911 prima
1185 2849 1286 2890 manu

171 2909 297 2992 scripta
312 2909 377 2970 sive
424 2916 471 2971 ost
485 2910 610 2972 inserta
627 2910 772 2992 propius
788 2910 833 2972 ad
848 2933 887 2973 ea
902 2911 1069 2990 accedunt,
1092 2933 1175 2993 quae
1189 2911 1291 2975 initio·

171 2991 355 3056 Annalium
393 2930 747 3077 guodlinbumensium
784 3003 812 3056 et
850 2993 1012 3057 Lamberti
1044 2993 1286 3074 Hersfeldensis

170 3075 339 3162 lepontnr,
372 3098 455 3161 quae
486 3099 527 3139 erc
555 3075 741 3139 Annalibus
769 3075 1051 3222 Herlsseldensibus
1084 3087 1191 3142 sumta
1219 3099 1285 3142 esse

169 3159 344 3224 uerisimile
358 3169 412 3224 est.
448 3161 560 3224 Etiam
575 3160 610 3222 hi
621 3163 815 3244 praesertim
849 3161 996 3224 siclorum
1010 3171 1219 3246 sequuntur⁶‚
1235 3163 1284 3226 ita

170 3252 207 3306 ut
229 3245 317 3308 uncle
338 3244 490 3330 sinpulae
512 3253 635 3308 sumtae
656 3246 723 3307 sint
744 3246 879 3309 notitiae
900 3245 957 3308 oin
975 3255 1059 3310 certo
1082 3245 1150 3310 dici
1165 3246 1282 3331 possit.

259 3403 287 3471 1)
306 3403 390 3456 Aliter
409 3407 501 3456 statuit
520 3405 813 3470 Scheffer·Boichorst‚
839 3405 958 3460 Annales
976 3407 1114 3462 Potherbr.
1130 3425 1160 3477 p.
1182 3408 1225 3472 36,
1247 3408 1287 3460 de·

168 3477 261 3529 ultima
274 3476 335 3529 libri
348 3487 445 3542 parte,·
457 3479 503 3529 sed
517 3495 584 3544 quac
598 3479 686 3530 attulit
699 3480 747 3532 hoc
759 3479 864 3532 minime
877 3481 993 3532 evincere
1001 3489 1124 3546 possunt.
1163 3481 1192 3546 2]
1211 3483 1288 3532 Bon·-

167 3552 284 3620 nopolim
303 3552 429 3602 fundatur
447 3553 570 3603 Hildens.
591 3552 701 3616 civitss3
721 3570 746 3603 a.
765 3554 844 3605 1079.
865 3554 898 3606 ele
916 3554 1044 3606 Hesilone
1062 3555 1191 3620 episcopo,
1211 3555 1276 3606 otia.

99 3658 101 3661 .
168 3623 198 3692 3)
228 3643 253 3675 a.
285 3625 364 3674 1002.
394 3641 476 3675 manu
504 3643 525 3676 s.
553 3624 615 3676 XV.
645 3627 725 3676 uerba
753 3627 870 3678 inserta:
902 3634 929 3678 et
957 3627 1117 3678 Bernwsrdo
1147 3629 1287 3694 episcopo..

167 3697 197 3764 4)
212 3697 250 3765 CJ
260 3696 420 3764 praesertim
438 3698 528 3762 Waits,
541 3699 698 3764 Hersschler
707 3700 829 3750 Annalem
843 3701 875 3763 (A
881 3701 935 3752 rch.
951 3701 998 3764 VI,
1007 3719 1038 3766 p.
1053 3701 1136 3764 662),·
1155 3699 1282 3766 Scheffer-

167 3771 317 3832 Boichorst‚
338 3771 456 3822 Annales
475 3771 752 3834 Potherbrunnenses;
778 3771 887 3838 Schum‚
914 3773 966 3825 Die
984 3773 1151 3825 Jahroocher
1176 3773 1222 3825 des
1241 3771 1280 3826 St.

167 3845 417 3907 Athens-Klosters3
438 3843 589 3910 Steindorff,
602 3845 659 3895 Zur
672 3845 760 3896 Kritih
773 3845 1002 3914 seitpenb'ssischcr
1015 3847 1289 3899 (leschichtschreiher-

168 3918 273 3982 (Jahrb.
292 3919 423 3971 Heinrich
436 3918 494 3969 III.
508 3917 560 3969 Be.
575 3917 598 3980 I,
618 3935 644 3983 p.
659 3919 713 3968 420
726 3921 810 3986 sqq.),·
829 3920 966 3983 Bresslau,
986 3919 1110 3988 Beitre'tpe
1130 3938 1178 3970 eur
1191 3919 1288 3971 Kritih·

167 3991 303 4044 deutscher
323 3992 574 4059 Geschichtsquellen
599 3991 646 4042 oles
674 3993 716 4045 11.
740 3990 835 4045 Jahrh.
863 3993 911 4055 (N.
927 3994 1006 4045 Arch.
1020 3993 1061 4055 II,
1081 4012 1112 4060 p.
1129 3995 1179 4043 541
1201 3995 1280 4060 squ).

166 4065 195 4132 ὁ)
217 4064 257 4132 Cf.
276 4065 406 4118 Bresslaa
425 4068 442 4118 l.
456 4067 472 4116 l.
486 4083 518 4132 p.
534 4067 596 4128 563,
616 4063 662 4130 qui
680 4065 713 4116 ale
732 4081 788 4116 una
807 4067 970 4132 praesertim
990 4065 1085 4119 codicis
1104 4076 1184 4134 parte
1203 4083 1280 4118 accu-

164 4145 222 4189 rate
241 4138 300 4206 epit.
395 4139 424 4206 6)
444 4139 531 4206 Saepe
549 4147 636 4192 tarsen
656 4138 722 4190 alios
740 4139 835 4192 habent
853 4157 983 4204 numeros,
1003 4157 1095 4207 eosque
1116 4149 1204 4192 noster
1217 4147 1287 4206 post

165 4211 199 4261 iis
218 4213 350 4264 substituit
369 4229 433 4280 quos
454 4231 485 4265 en
506 4213 610 4266 Isidoro
629 4221 767 4267 sumserat.
