3156 4882
421 319 586 372 ANNALES
605 319 964 372 HILDESHEIMENSES.
1218 322 1251 372 lt

133 495 247 564 pulense
266 494 294 543 in
306 487 440 544 Franciab
461 491 585 544 collocat.
623 493 753 546 Alcuinus
774 493 959 546 taxationi
978 493 1058 556 obiit;
1078 499 1106 545 et
1121 494 1252 546 Ricbcto⁰
1261 504 1277 545 f.
1287 501 1332 544 25¹.

135 568 230 620 eodem
249 581 318 616 anno
339 566 458 617 moritur.

226 640 269 690 37.
307 638 363 689 Leo
383 654 454 705 papa
472 639 568 688 iterum
588 640 615 689 in
633 639 777 689 Franciam
795 641 877 690 venit.

224 712 372 779 Imperator
391 710 508 762 Karolue
531 712 602 762 inter
626 711 695 764 filios
715 727 792 772 suos,
815 711 844 762 id
870 717 911 764 est
933 711 1075 776 Karolum,
1099 714 1252 780 Pippinum,

133 787 330 848 Hludowicnm,
350 784 448 835 dividit
466 799 587 848 regnum.

224 858 269 908 38.
306 857 460 909 Grimoldus
480 857 534 908 dux
552 855 759 908 Beneventanus
779 859 900 920 moritum
926 863 953 908 et
971 857 1119 910 mortalitas
1137 861 1253 910 maxima

132 937 160 986 in
180 933 340 984 monasterio
361 929 454 981 Sancti
473 929 621 992 Boniiacii,
645 931 684 980 ita
702 937 732 982 ut
756 931 864 982 fratrum
890 932 1023 981 iuniorum
1041 930 1149 997 plurimi
1167 947 1253 982 more·

134 1013 232 1060 rentur.

225 1072 292 1128 tud
329 1077 364 1126 Et
383 1074 503 1138 Carolus,
522 1074 593 1127 filius
611 1077 779 1142 imperatoris
798 1076 899 1139 Rutuli,
919 1078 1036 1142 perrexit
1055 1092 1115 1127 cnm
1135 1079 1254 1129 exercitu

134 1156 298 1205 Francorum
322 1150 350 1198 in
371 1147 492 1198 Winidos
517 1148 587 1199 ultra
611 1149 709 1200 fiumen
728 1149 845 1200 Albium.
883 1148 938 1202 Sed
963 1157 1053 1200 tamen
1079 1166 1111 1201 eo
1135 1155 1253 1218 tempore

133 1242 186 1278 non
205 1227 375 1293 prosperatus
389 1227 430 1273 est
441 1223 568 1272 transitus
581 1223 647 1284 eius,
667 1222 715 1272 sed
729 1229 756 1274 et
765 1223 872 1288 plurimi
885 1223 1048 1273 Francorum
1062 1224 1146 1275 occisi
1164 1229 1252 1276 sunta.

227 1297 271 1345 41.
309 1296 458 1361 Imperator
483 1293 519 1344 ad
543 1295 628 1360 Aquis
653 1299 736 1345 totum
763 1310 861 1347 annum
881 1294 967 1356 sedit,
993 1301 1021 1346 et
1038 1291 1196 1348 Richolfusl
1218 1298 1254 1350 ad

135 1370 324 1422 monasterium
342 1373 461 1418 nostrum
479 1365 575 1430 Fulda,
593 1367 623 1417 id
643 1373 684 1418 est
702 1368 795 1419 Sancti
809 1368 952 1431 Bonifacii,
972 1370 1067 1420 missus
1087 1375 1128 1420 est
1146 1370 1252 1421 abbatis

136 1451 163 1496 et
181 1444 290 1494 frenum
311 1456 405 1502 causa3
426 1445 454 1490 et
472 1439 589 1492 ecclesia
609 1441 725 1492 Sanctae
744 1442 831 1492 Maria
850 1443 878 1491 in
897 1446 988 1492 munte
1008 1442 1143 1493 dedicata.

226 1516 270 1568 ta.
307 1513 457 1564 Mortalitas
481 1513 562 1563 boum
582 1515 697 1564 maxima
722 1530 809 1581 poene
835 1517 863 1564 in
887 1521 944 1565 tota
963 1515 1073 1580 Europa
1097 1531 1201 1567 necnon
1227 1521 1254 1567 et

134 1591 270 1641 hominum
289 1586 474 1654 plurimorum
495 1591 522 1636 et
540 1585 704 1649 Hrotbruda,
723 1586 780 1636 filia
798 1589 976 1654 imperatoris,
997 1593 1023 1637 et
1043 1594 1205 1641 mortuaest
1227 1595 1255 1640 et

135 1663 274 1730 Pippinus,
293 1658 363 1711 filius
377 1661 442 1710 eius.
471 1659 621 1726 Imperator
634 1661 708 1710 venit
719 1662 747 1710 in
757 1660 909 1712 Saxoniam.
948 1659 1065 1726 Eclipsis
1078 1661 1142 1713 solis
1156 1661 1182 1712 2.
1191 1661 1254 1714 Kal.

135 1735 307 1787 Decembri.

227 1808 271 1858 43.
309 1805 403 1858 Hiems
415 1805 466 1856 fuit
478 1805 629 1866 domums,
643 1805 790 1872 perdurans
803 1822 887 1873 usque
901 1806 936 1856 ad
950 1805 1030 1856 finem
1040 1805 1137 1858 Marcii
1146 1809 1254 1876 mensis,

135 1889 163 1934 et
176 1882 228 1932 duo
247 1879 297 1930 filii
309 1879 485 1946 imperatoris,
504 1878 533 1928 id
547 1885 588 1930 est
599 1879 729 1945 Pippiuus
749 1874 957 1931 monachus1¹
977 1886 1004 1948 et
1017 1878 1138 1944 Carolus,
1151 1882 1256 1934 mortui.

227 1954 272 2003 44.
310 1953 396 2002 Facta
415 1956 457 2002 est
470 1951 638 2002 conturbatio
652 1967 706 2001 non
719 1953 828 2001 minima
846 1954 875 2002 in
894 1953 1055 2004 monasterio
1069 1953 1163 2004 Sancti
1172 1955 1254 2004 Boni·

135 2029 208 2086 facii,
228 2033 255 2076 et
272 2026 367 2075 babes
389 2024 421 2070 12
443 2039 476 2072 ex
494 2025 554 2089 ipsa
571 2023 674 2073 familia
699 2030 874 2088 perrexerunt
893 2024 972 2075 simul
992 2040 1053 2074 cum
1072 2026 1170 2076 abbate
1189 2027 1254 2077 Rat-

136 2101 212 2166 gario
236 2097 272 2147 ad
296 2097 425 2147 iudicium
450 2096 617 2160 imperatoris
642 2094 741 2146 Caroli.
777 2097 836 2147 Nec
860 2102 952 2147 tammr
975 2099 1014 2147 ita
1040 2100 1181 2148 commotio
1206 2097 1254 2148 illa
1345 2147 1348 2154 ,

137 2171 252 2240 quierit3
272 2170 321 2220 sed
339 2173 400 2234 post
411 2167 550 2218 Richolios
569 2169 789 2236 archiepiscopus
801 2169 1029 2234 Mogontiacensis
1049 2176 1075 2220 et
1093 2169 1255 2222 Bernharius

138 2246 279 2313 episcopus
299 2241 414 2292 civitatis
426 2241 607 2305 Wungionum
627 2247 655 2291 et
673 2241 756 2293 Hatto
777 2244 919 2310 episcopus
938 2243 1115 2308 Angustensie
1135 2248 1162 2294 et
1180 2243 1254 2295 Wol-

137 2319 226 2386 garius
246 2317 387 2382 episcopus
406 2313 539 2364 ecclesiae
557 2315 725 2380 wirzaburg,
745 2331 805 2366 cum
825 2317 920 2368 ceteris
939 2315 1072 2380 fidelibus,
1091 2311 1153 2382 quii
1177 2317 1256 2368 simul
1264 2323 1280 2365 l.
1291 2324 1327 2365 aa.

136 2390 172 2442 ad
184 2388 252 2441 illud
264 2387 393 2456 placitum
407 2393 588 2438 convenerunt
599 2389 673 2438 iussu
686 2389 863 2454 imperatoris,
876 2395 1036 2440 sanaverunt
1050 2391 1254 2442 commotionem

135 2463 258 2515 illumin
276 2462 437 2513 monasterio
458 2459 551 2511 Sancti
570 2461 714 2512 Bonifacii.

229 2535 274 2585 45.
312 2535 348 2584 Et
371 2533 500 2600 placitum
525 2549 650 2599 maguum
676 2535 705 2583 in
730 2549 822 2584 mense
841 2534 964 2599 Augusto
991 2534 1025 2584 ad
1045 2535 1130 2601 Aquis
1154 2536 1254 2586 facturn

138 2616 193 2673 est;
219 2614 246 2659 et
265 2605 377 2658 carolus
402 2607 546 2671 imperator
570 2607 708 2656 constitnit
725 2604 929 2670 Hludowicnm,
954 2606 1037 2658 filium
1061 2624 1153 2670 suurn,
1176 2608 1256 2658 simul

137 2682 270 2748 imperare
284 2694 345 2730 cum
364 2694 405 2742 eo,
423 2679 564 2743 imponens
578 2676 703 2728 diadema
716 2679 799 2744 capiti
818 2679 885 2741 eius,
903 2685 964 2745 post
983 2678 1106 2731 sinodum
1124 2681 1152 2730 in
1166 2695 1256 2732 mense

137 2755 195 2804 Mai
219 2753 337 2804 habitam
356 2749 427 2818 apud
446 2750 627 2816 Murgentiam,
652 2751 680 2800 in
704 2766 756 2817 quo
781 2751 949 2818 prouiderunt
967 2751 1105 2804 Richolins
1124 2753 1256 2821 archiepi-

137 2843 234 2894 scopus
254 2831 282 2876 et
299 2822 478 2874 Hildebaldus
497 2823 715 2890 archiepiscopus
735 2823 911 2876 Coloniensis.

228 2898 274 2948 46.
311 2896 426 2948 Karolus
444 2897 590 2964 imperator
607 2901 727 2948 mortuus
746 2903 787 2948 est
804 2897 889 2964 Aquis
909 2898 935 2950 5.
947 2897 1009 2949 Kal.
1022 2899 1112 2960 Febr„
1125 2898 1176 2950 -die
1195 2900 1257 2950 eab-

137 2975 202 3036 bati,
226 2987 295 3022 auno
316 2969 466 3021 dominicae
484 2969 677 3021 incarnationis
697 2969 759 3032 814,
784 2970 932 3022 indictione
953 2971 978 3034 6,
1004 2977 1031 3022 et
1048 2975 1171 3038 regnavit
1188 2971 1256 3023 Hlu-

139 3047 271 3108 dowicus,
296 3042 366 3094 filius
391 3044 457 3106 eius,
483 3057 531 3109 pro
556 3059 597 3095 eo.
644 3044 684 3094 Eo
708 3059 778 3094 anno
803 3043 932 3110 placitum
957 3059 1035 3094 suum
1060 3060 1121 3096 cum
1145 3047 1257 3096 Francis

137 3121 281 3186 imperator
298 3115 473 3168 Hludowicus
497 3116 592 3166 habuit
609 3116 672 3167 Kal.
691 3115 806 3182 Augusti
824 3118 934 3183 mensis,
962 3122 990 3168 et
1008 3116 1091 3182 legati
1111 3117 1256 3169 (trecorum

138 3185 266 3243 auxilium
285 3189 413 3256 petebant
437 3189 471 3238 ab
492 3204 524 3239 eo
544 3195 636 3240 contra
654 3189 805 3256 Bulgaores
831 3195 858 3240 et
878 3195 981 3241 ceteras
1001 3190 1127 3242 barbaras
1152 3197 1256 3256 genter.

138 3265 179 3316 Eo
198 3270 318 3330 tempore
330 3261 511 3314 Hierosolima
524 3268 629 3313 vastata
649 3267 691 3314 est
709 3277 726 3312 a
738 3263 835 3326 Persis,
856 3269 882 3314 et
900 3263 1116 3328 persecutionem
1129 3280 1257 3330 magnam

139 3339 167 3388 in
186 3335 360 3386 orientalibus
378 3335 499 3401 partibus
520 3335 658 3387 christiani
677 3336 822 3388 habebant.

232 3408 278 3458 47.
314 3407 489 3458 Hlndowicns
501 3409 645 3474 imperator
657 3425 732 3460 snum
751 3409 881 3475 placitum
896 3424 955 3459 cum
968 3409 1081 3461 Francis
1099 3411 1128 3459 in
1141 3411 1258 3462 Saxonis

141 3481 175 3532 sd
193 3478 438 3532 Phaderobrnnnen
456 3480 556 3541 babuit,
586 3487 613 3532 et
638 3481 703 3532 illuc
730 3483 806 3532 venit
832 3480 903 3532 lilius
932 3483 1001 3546 eius,
1029 3481 1186 3533 Hlotbarius
1210 3498 1257 3532 rex

139 3547 355 3612 Baioariorum¹¹‚
381 3557 408 3602 et
426 3551 494 3602 alins
513 3551 583 3604 filius
603 3555 675 3615 eius,
699 3555 728 3604 id
753 3561 793 3606 est
811 3551 956 3622 Pippiuuel
979 3570 1027 3606 rex
1044 3556 1257 3620 Aquitaniornm,

139 3625 292 3680 Bernardus
311 3640 426 3692 quoque,
444 3623 515 3675 filius
528 3625 643 3692 Pippini,
663 3642 709 3678 rex
725 3627 972 3694 Langobardorum,
992 3633 1019 3677 et
1038 3633 1096 3679 erat
1113 3627 1182 3678 illud
1199 3626 1257 3694 pla·

140 3703 221 3752 citum
241 3698 303 3750 Kal.
322 3696 386 3748 Iulii
404 3699 510 3750 mensis.

230 3773 307 3824 Anno
326 3771 354 3821 3.
390 3769 543 3822 Hlndosrici
560 3770 661 3822 factum
682 3777 723 3823 est
741 3772 884 3824 concilium
903 3787 1029 3839 magnum
1047 3774 1076 3823 iu
1094 3773 1258 3840 Aquisgrani

140 3850 168 3898 in
186 3861 278 3898 mense
297 3846 426 3910 Augusto,
446 3848 473 3894 et
490 3849 646 3910 preceptum
667 3849 715 3908 est,
734 3851 764 3897 ut
782 3845 906 3897 monachi
926 3860 1018 3898 omnes
1044 3862 1150 3897 cursum
1169 3847 1257 3898 sancti

140 3919 284 3971 Benedicti
298 3921 438 3969 cantarent
455 3916 549 3984 ordine
567 3916 698 3983 regulari3
718 3924 745 3969 et
765 3919 818 3970 duo
837 3919 974 3971 codicesm
994 3921 1087 3986 scripti
1103 3925 1173 3982 snut,
1190 3934 1259 3970 nnus

142 3991 176 4043 de
200 3993 257 4043 vita
282 3991 439 4042 clericorum
469 3995 497 4040 et
520 3988 588 4040 alter
614 3988 648 4042 de
675 3991 732 4042 vita
756 4007 911 4042 nonnarum.
948 3992 989 4042 Eo
1016 4006 1085 4042 anno
1104 3991 1161 4043 Leo
1187 4007 1259 4059 pape

229 4097 252 4150 a)
268 4100 365 4150 expulso
376 4103 428 4149 port
442 4109 500 4142 corr.
515 4100 624 4150 expulsos
639 4111 657 4139 c.
715 4097 740 4152 b)
754 4100 787 4140 Fr
801 4111 827 4149 u,
843 4100 917 4140 ederis
931 4100 1027 4140 ιώσοίείε.
1088 4098 1110 4152 c)
1127 4100 1223 4140 Richoto
1238 4112 1257 4142 c.

141 4156 165 4210 d)
180 4159 268 4200 xm.
284 4169 302 4198 c.
371 4157 393 4208 e)
408 4158 513 4198 occlsunt
528 4169 546 4200 c.
612 4156 753 4210 ofecorr.
770 4171 787 4200 c.
855 4156 879 4211 g)
892 4159 938 4200 Db.
954 4171 972 4200 c.
1032 4157 1057 4210 h)
1074 4159 1171 4200 moritur
1185 4158 1213 4201 A.
1230 4159 1258 4200 L.

141 4215 159 4270 l)
175 4218 201 4269 qi
215 4228 233 4258 c.
293 4213 318 4268 k)
333 4217 471 4257 Baiorornm
485 4228 543 4258 corr.
559 4218 721 4259 linteariorum
736 4229 753 4260 o.
819 4216 837 4271 l)
851 4219 989 4270 Piplppinus
1004 4230 1022 4261 c.
1082 4217 1115 4271 m)
1132 4218 1222 4262 cedices
1237 4229 1257 4259 c.
