3156 4882
418 263 584 318 suranus
603 261 964 316 umnnsuurnnnsus.
1058 324 1069 342 L
1215 263 1250 314 re

127 431 290 516 scriptum
316 439 378 512 est,
410 431 629 528 unusquisque
658 431 691 494 in
719 451 778 494 suo
810 430 873 493 fine
901 429 1114 512 cognoscitur.
1165 426 1249 494 Satis

131 536 260 601 quoque
274 521 322 576 est
336 525 493 600 apertum,
513 512 603 577 illum
617 513 734 578 habere
749 536 867 598 magna
887 512 1038 597 preconia
1053 512 1249 594 meritorum,

126 619 206 662 cum
233 598 268 660 in
300 597 368 661 eius
401 597 491 661 obitu
518 607 585 662 tam
613 597 749 662 mirifica
781 599 944 682 signorum
977 606 1068 680 gesta
1101 595 1251 682 patefecit

129 681 220 748 Deus
241 681 275 744 in
296 680 457 745 miraculo.
501 678 585 744 Illud
606 702 682 746 vero
706 701 901 779 quamquam
924 680 964 743 sit
987 679 1109 744 cunctis
1131 677 1250 746 Christi

129 762 278 828 fidelibus
299 773 420 845 notum,
443 785 519 828 vera
541 765 740 912 experientia
769 764 958 829 relationum
987 772 1094 852 tamen
1117 763 1158 828 ob
1181 763 1249 830 eius

130 848 309 913 sanctitatis
338 847 555 912 testimonium
607 851 637 913 ic
660 849 840 914 continetur
860 847 1049 944 inscriptum
1058 856 1080 911 ⁸.
1189 893 1198 912 .

213 931 252 995 In
279 931 370 996 cuius
398 929 504 994 locum
533 931 669 996 domnus
691 932 898 996 Turnrusnue
927 952 1034 1014 regius
1066 929 1250 1016 capellanus

129 1015 296 1097 successit,
311 1013 353 1078 ad
365 1016 472 1078 omnia
483 1015 516 1078 in
528 1013 647 1080 divinis
659 1025 690 1080 et
701 1015 848 1079 humanis
862 1013 997 1078 feliciter
1007 1025 1248 1099 perstrennuus,

127 1120 151 1162 a
164 1097 313 1162 Bardone
335 1095 578 1183 metropolitano
594 1099 777 1184 Mogontiae
801 1099 849 1162 13.
864 1096 936 1162 Kal.
953 1095 1116 1182 Septemb.
1137 1097 1249 1164 Lares

130 1181 216 1246 heim
244 1192 292 1246 est
317 1192 531 1246 consecratus.
574 1182 741 1247 Liudolfus
764 1204 887 1257 comes,
916 1182 1083 1266 privignus
1113 1183 1248 1266 impera·

129 1266 228 1346 toris,
261 1265 291 1328 9.
319 1265 392 1328 Kal.
418 1265 497 1328 Maii
527 1267 686 1330 inmatura
717 1274 819 1330 morte
852 1265 940 1330 obiit.
983 1265 1026 1328 Et
1055 1265 1122 1330 eius
1151 1267 1250 1332 frater

132 1348 359 1429 Herimannus,
382 1347 600 1414 Alaemanniae
622 1350 699 1430 dux,
722 1350 828 1414 subita
855 1349 1037 1412 infirmitate
1064 1359 1248 1446 preventus,

132 1432 225 1497 bonis
249 1431 381 1518 [flebilis
389 1433 415 1519 b]
450 1434 596 1498 omnibus
626 1434 693 1498 16.ο
721 1431 794 1496 Kal.
823 1431 896 1496 Iulii
925 1431 1097 1496 denotavit.

217 1513 339 1579 Nobilis
355 1515 450 1580 etiam
470 1527 579 1582 nostra
600 1517 712 1602 regina
727 1515 876 1580 Guunrnn
895 1517 944 1580 15.
959 1514 1031 1580 Kal.
1048 1515 1185 1600 Augusti
1207 1539 1275 1588 exe,
1287 1544 1333 1589 se,

133 1597 195 1662 hoc
206 1597 326 1662 mundo
337 1599 496 1684 migravit.
520 1599 619 1664 Cuius
633 1601 909 1699 intempestativus
925 1599 1053 1664 obitusl
1068 1621 1165 1684 quam
1180 1599 1249 1685 plu-

132 1683 232 1746 rimos
248 1682 401 1768 cuiusque
417 1682 536 1748 ordinis
558 1707 616 1769 per
631 1683 838 1750 christianum
852 1683 1022 1768 imperium
1043 1684 1251 1750 contristavit.

134 1765 318 1850 Sigifrithus
365 1775 471 1832 raetor
491 1767 660 1853 palatinus,
682 1768 779 1834 frater
792 1767 950 1830 Brunonis
966 1767 1110 1852 episcopi
1126 1766 1251 1831 Mindo-

133 1850 250 1931 nensis,
273 1851 301 1914 7.
324 1789 397 1914 lfal.
419 1849 495 1914 Mai.
517 1855 652 1916 moritur
673 1853 760 1915 etin
780 1849 1042 1914 Wimilaburh⁰·¹
1067 1848 1249 1916 tumulatur.

217 1933 287 1996 Ind.
311 1935 339 2013 7,
364 1934 455 1997 1039.
499 1935 679 2016 Imperator
700 1933 838 1998 natalem
858 1933 991 1996 Domini
1014 1931 1148 1996 Goslare
1176 1955 1251 1997 cum

132 2015 391 2078 reverentissima
426 2016 610 2100 principum
643 2016 693 2078 sui
725 2013 997 2100 congratulatione
1030 2015 1252 2080 decentissime

132 2095 331 2181 tripudiavit,
353 2097 410 2160 ubi
432 2106 464 2161 et
484 2096 606 2182 legatos
629 2109 817 2164 cunctarum
838 2097 1054 2162 adiacentium
1082 2099 1252 2181 regionum

134 2201 208 2244 cum
237 2179 352 2244 debitis
380 2180 585 2265 vectigalium
613 2181 864 2267 professionibus
893 2182 928 2244 in
949 2191 1152 2247 aucmentum
1174 2203 1250 2247 suae

131 2264 387 2347 magnificentiae
410 2265 567 2363 suscepit,
598 2286 758 2352 quosque,
787 2275 822 2330 ut
849 2265 1046 2350 imperialem
1068 2265 1252 2330 munificen-

132 2347 211 2410 tiam
226 2346 367 2428 decebat,
383 2357 450 2411 tam
466 2370 525 2428 sur,
549 2369 647 2434 quam
663 2349 826 2435 optabant,
849 2349 961 2433 gratia,
984 2371 1081 2434 quam
1097 2358 1128 2413 et
1142 2371 1250 2414 rerum

131 2429 348 2496 habundantia
363 2430 497 2496 donatos
519 2432 654 2518 pacifice
675 2435 806 2498 remisit.
842 2433 894 2497 Ibi
909 2433 1004 2496 etiam
1025 2433 1108 2497 inter
1130 2433 1254 2496 ceteras

129 2514 339 2578 institutionis
361 2537 438 2580 suae
460 2515 588 2580 decreta
602 2515 782 2585 Alberadae
804 2515 985 2580 abbatissae
1007 2514 1047 2578 de
1067 2515 1251 2580 Molinbach

128 2596 296 2661 abbatiam
317 2597 613 2698 Wongeresthorph
634 2600 734 2664 invito
756 2599 899 2664 Brunoni
921 2599 1029 2683 episco
1056 2619 1074 2661 o
1095 2600 1251 2684 resignari

132 2681 287 2765 precepit.
332 2681 438 2760 Quam
453 2689 561 2746 tamen
574 2681 658 2746 idem
675 2684 844 2782 episcopus
866 2691 939 2768 post
960 2621 1080 2767 pascba
1090 2681 1141 2746 vel
1156 2705 1249 2784 spon·

131 2774 260 2828 taneam
282 2761 334 2828 vel
356 2765 488 2829 invitam
511 2765 551 2830 ab
574 2766 684 2832 eadem
707 2767 861 2852 digmtate
887 2765 947 2830 sub
969 2764 1250 2832 abrenuntiacmne

129 2845 260 2933 publica
282 2847 433 2913 desistere
453 2848 539 2914 fecit.

216 2931 477 2996 Purifieationem
506 2942 633 2998 sanctae
663 2934 786 2998 Mariae
813 2935 986 3019 imperator
1007 2932 1144 2998 Altstedi
1174 2935 1249 3019 egit,
1258 2917 1326 3022 20⁶„ss
1334 2979 1355 3020 2,

132 3014 241 3099 sicque
263 3015 491 3114 compendioso
512 3017 624 3083 itinere
646 3029 815 3103 peragrata
836 3015 1003 3115 origentali
1025 3016 1175 3099 Saxonia,
1203 3041 1250 3082 re-

131 3095 257 3183 busque
278 3098 462 3184 pacrficatis‚
485 3099 624 3165 Nuvima
648 3123 689 3165 on
709 3101 859 3184 tetendit3
887 3101 997 3186 rbique
1024 3108 1150 3186 tempus
1174 3123 1262 3186 quu-¹

130 3180 311 3266 dragesime
332 3192 365 3247 et
385 3194 530 3248 sanctum
575 3124 672 3250 asclra
693 3195 725 3250 et
745 3186 963 3250 ascensionem
985 3183 1127 3264 Domini,
1150 3171 1360 3274 poda-3213·

154 3276 212 3328 rag
232 3263 418 3345 laborando,
441 3288 536 3332 conse
561 3269 593 3332 ’t.
636 3268 714 3333 Inde
737 3268 779 3333 ad
794 3267 1019 3333 celebrandum
1041 3277 1247 3367 pentecosten

162 3348 316 3412 raiectum
336 3351 435 3432 venit,
461 3361 493 3415 et
517 3349 565 3414 ibi
610 3351 716 3418 uidem
737 3353 771 3416 in
792 3374 918 3416 summa
946 3350 1073 3416 laetiora
1102 3361 1340 3416 sanctumrunro.

131 3429 226 3513 diem,
249 3429 370 3496 scilicet
391 3433 424 3494 in
445 3433 561 3516 regalis
583 3375 772 3502 diadematis
794 3436 909 3501 decore
931 3435 1146 3520 procedendo,
1199 3457 1247 3500 er·

131 3514 206 3599 egit.
250 3511 315 3579 Sed
337 3517 483 3600 sequenti
505 3515 573 3598 die,
604 3519 683 3584 feria
704 3520 738 3602 2,
766 3519 846 3584 hora
871 3518 935 3584 diei
957 3519 986 3598 6,
1013 3518 1042 3582 2.
1064 3517 1146 3581 Non.
1176 3457 1339 3587 funusne

131 3619 239 3662 mense
261 3596 424 3664 reficiendi
444 3600 548 3685 gratia
568 3601 720 3686 assidens,
744 3603 849 3668 subita
863 3601 1048 3667 defeccione
1069 3611 1246 3686 prereptus,

131 3681 265 3746 vixdum
294 3681 500 3748 confessionis
527 3687 682 3750 sententia
712 3685 850 3771 prolata,
882 3683 1030 3750 flebiliter
1061 3685 1246 3769 exspiravit

221 3836 243 3889 a)
260 3843 355 3888 quotuor
369 3837 439 3876 lineae
453 3849 548 3887 uocum,-
563 3843 613 3878 tanc
627 3839 672 3878 ullu
688 3839 759 3878 littera
772 3839 842 3890 pcrqit
858 3851 876 3880 e.
929 3837 953 3890 b)
970 3839 994 3877 tn
1009 3850 1077 3889 mora.
1095 3839 1166 3878 codem
1181 3848 1249 3878 mauu

130 3897 203 3946 mppr.
219 3907 237 3940 c.
298 3897 319 3948 c)
335 3897 395 3939 Vix.
412 3908 430 3938 e.
490 3895 514 3948 d)
530 3897 588 3937 obiit
602 3909 620 3938 c.
687 3896 709 3948 e)
726 3899 860 3939 Vninaburh
875 3909 933 3938 corr.
949 3902 974 3936 ut
988 3899 1072 3937 videtur
1086 3897 1249 3940 Vutmilcburh

133 3952 175 4006 lvd
189 3955 375 4009 Wimtdaburht‘)
391 3967 408 3996 c.
469 3953 526 4007 ilc,
540 3967 596 3997 suae
611 3957 627 3997 t.
644 3966 663 3996 s.
680 3956 702 3996 d.
718 3967 735 3998 c.
798 3955 821 4006 ε)
836 3956 939 4007 podraga
954 3967 971 3997 o.

131 4141 162 4195 d·
207 4069 235 4137 1)
262 4069 371 4196 Vicllptar
380 4088 433 4124 esse
449 4067 636 4138 Wimmcllurp,
645 4086 731 4137 prope
740 4068 872 4133 Eislcbca,
885 4067 947 4120 olim
957 4067 1114 4132 coenobium,
1129 4086 1156 4122 a.
1168 4069 1249 4120 1525.

151 4153 259 4197 aratam.
322 4183 329 4199 .
