3156 4882
319 329 355 380 22
625 323 791 376 Annaeus
811 322 1171 377 HILDESHEIMENSES.

319 493 562 574 transmitteret,
593 491 649 578 qui
671 491 716 556 eis
746 489 926 556 ostenderet
946 491 1034 556 viam
1060 492 1219 577 veritatis3
1249 502 1281 558 et
1304 493 1443 593 professi

320 588 395 644 sunt
415 599 449 642 sc
470 574 551 642 velle
573 573 723 640 recedere
744 575 936 660 apaganico
950 575 1015 639 ritu
1036 584 1069 640 et
1088 579 1235 663 accipere
1254 576 1443 664 rchgionem

320 661 572 742 christianitatis;
595 669 626 724 et
647 655 699 723 ille
722 661 883 724 consensit
903 659 943 723 de
967 661 1121 724 recationi
1147 683 1258 726 eorum
1284 671 1315 727 et
1341 671 1442 728 trans·

319 747 407 810 misit
437 741 649 809 Adaibertum
684 743 872 827 episcopum
903 742 967 808 fie
1000 742 1208 828 catholicum3
1241 743 1350 831 illique
1382 768 1442 833 per

320 831 428 895 omnia
448 827 572 892 mentiti
594 835 677 908 sunt,
699 827 782 890 sicut
802 835 916 912 postea
937 836 1069 892 eventus
1091 830 1138 893 rei
1159 829 1317 914 probavit.

240 931 309 974 rut
403 913 475 977 961.
504 911 571 975 Isto
600 931 683 974 anno
710 919 866 974 venerunt
891 911 1000 974 nuncii
1026 911 1069 974 ad
1097 934 1206 998 regem
1229 909 1381 977 Ottonem
1410 923 1443 980 et

319 1005 517 1062 vocaverunt
543 1016 617 1060 eum
638 993 774 1058 Romam
800 995 835 1056 in
864 993 1057 1060 adiutorium
1084 995 1235 1060 Iohannis
1257 1018 1376 1082 papae,
1405 1007 1441 1064 ut

319 1082 480 1166 mitigaret
501 1079 703 1144 severitatem
724 1076 892 1142 Adalberti
916 1079 1016 1162 regis,
1046 1099 1143 1164 quam
1171 1081 1317 1164 epercuit
1344 1103 1441 1167 super

320 1165 546 1229 monarchiam.
600 1160 721 1247 illeque
742 1159 937 1248 apostolicus
958 1171 1121 1246 gratanter
1149 1185 1223 1228 eum
1246 1165 1384 1250 suscepit
1409 1174 1441 1230 et

319 1248 493 1314 honorifice
515 1243 683 1310 collocavit
705 1267 802 1331 super
824 1244 1009 1310 cathedram
1030 1245 1208 1345 augustalis
1229 1248 1441 1333 principatus,

319 1333 473 1418 auxitque
496 1352 591 1416 super
613 1351 686 1394 eum
707 1328 906 1414 augustalem
929 1327 1195 1414 benedictronem,
1216 1341 1253 1396 ut
1266 1333 1441 1418 imperator

230 1489 234 1496 ⁴
319 1425 475 1502 augustus
495 1423 664 1479 vocaretur
685 1423 717 1476 et
739 1422 831 1478 esset.

403 1499 465 1563 962
476 1510 497 1566 ¹.
522 1496 680 1562 Guntheri
702 1495 807 1562 abba²
832 1495 925 1579 obiit3
949 1497 1001 1560 cui
1023 1499 1178 1563 successit
1198 1497 1377 1584 Egillolfus

404 1583 476 1646 963.
498 1579 571 1644 Hoc
591 1602 674 1646 anno
696 1602 851 1664 magnum
878 1578 1019 1646 sinodale
1047 1581 1218 1646 concilium
1245 1582 1365 1646 factum
1392 1591 1441 1648 est

319 1668 422 1732 Roma
442 1667 477 1729 in
498 1663 632 1729 ecclesia
653 1665 755 1728 sancti
769 1664 868 1746 Petri3
890 1663 936 1727 ibi
960 1687 999 1728 ue
1019 1665 1224 1750 praesidebat
1242 1664 1319 1731 Otto
1340 1668 1439 1752 impe-

319 1758 406 1814 rator
419 1758 574 1834 augustus
589 1768 663 1810 cum
677 1768 796 1832 magna
809 1685 1011 1812 multitudine
1026 1771 1044 1813 e
1068 1749 1260 1835 iscoporum‚
1275 1749 1439 1832 abbatum,

320 1833 548 1914 monachorum
582 1851 621 1895 ac
658 1829 859 1913 clericorum3
897 1830 1026 1918 illicque
1085 1832 1249 1897 enedictus
1283 1855 1369 1918 papa
1397 1831 1439 1898 ab
1556 1903 1557 1906 Ἴ

319 1915 496 2002 apostolica
517 1913 592 1979 sede
614 1913 756 1979 deiectus
777 1924 835 1996 est,
857 1936 895 1979 eo
940 1915 1006 1980 uod
1020 1916 1135 1981 iniuste
1150 1917 1327 1982 vindicavit
1343 1914 1440 1981 subli-

319 2001 464 2066 mitatem
489 1999 627 2063 Romani
654 1999 798 2084 imperii,
825 2007 858 2063 et
885 1935 1055 2084 Adeddago
1083 2001 1328 2100 archiepiscopo·
1356 2021 1440 2064 com-

319 2084 436 2148 missus
456 2085 491 2148 in
513 2082 751 2168 Saxoniamque
773 2081 940 2165 deductus,
962 2081 1090 2169 illicque
1111 2085 1212 2148 vitam
1240 2085 1354 2150 fimvrt.
1397 2084 1440 2158 Et

319 2168 445 2253 inipso
471 2187 554 2230 anno
585 2188 660 2230 seva
680 2165 856 2231 mortalitas
884 2167 1000 2232 invasit
1025 2169 1200 2232 exercitum
1228 2169 1440 2266 imperatoris,

320 2251 407 2316 etin
428 2272 467 2314 ea
480 2250 651 2314 Heinrieus
673 2250 933 2336 archiepiscopus
948 2250 1137 2314 Trevericae
1160 2252 1296 2315 civitatrs
1319 2261 1351 2316 et
1372 2251 1440 2315 dux

321 2332 515 2399 Godeffidus
537 2334 636 2398 vitam
657 2333 865 2420 perdiderunt
886 2333 1047 2480 ceterique
1068 2355 1134 2398 non
1154 2335 1260 2419 pauci.

404 2419 476 2483 964.
497 2418 563 2481 Isto
585 2439 669 2482 anno
683 2418 766 2483 Bere
811 2417 898 2482 arius
912 2439 971 2482 rex
1013 2415 1272 2502 angebardorum
1287 2417 1437 2482 obsessus

320 2504 354 2565 in
378 2511 487 2567 monte
510 2500 621 2566 Sancti
642 2440 900 2600 Leonisnibique
930 2511 1042 2586 captus
1071 2511 1104 2566 et
1130 2523 1205 2565 eum
1225 2502 1259 2565 vi
1281 2500 1438 2566 deductus

320 2606 385 2650 una
411 2606 485 2650 cum
511 2586 624 2670 regina
651 2587 719 2649 eius
749 2584 975 2650 cohab1tatrice
996 2583 1095 2651 Willa
1123 2586 1157 2649 in
1185 2585 1367 2650 Baioariam
1397 2583 1439 2649 ad

321 2667 505 2816 castellplnpll
517 2667 721 2754 Bavenberg,
756 2669 866 2754 ibique
901 2669 1111 2734 novissimum
1143 2669 1228 2734 diem
1260 2669 1439 2756 praesentis

257 2813 261 2819 .
320 2753 405 2818 vitae
450 2754 457 2768 “
495 2752 555 2816 ‘sit

248 2845 312 2892 tat·
404 2837 476 2901 965.
500 2835 576 2900 Otto
598 2837 770 2921 imperator
791 2835 831 2897 de
845 2835 1072 2919 Langobardia
1092 2837 1180 2900 venit
1200 2834 1243 2899 ad
1256 2836 1438 2901 Francono·

321 2919 391 3000 fort,
413 2928 446 2984 et
465 2917 555 2983 illum
576 2941 695 2982 annum
715 2919 874 3001 integrum
902 2919 936 2982 in
963 2939 1061 3004 regno
1085 2918 1251 2982 Saxonum
1278 2918 1437 3003 manebat,

320 3003 511 3090 interimque
533 3024 642 3067 omnes
658 3023 732 3066 suos
748 3000 903 3066 adunavit
916 3001 959 3066 ad
979 3023 1093 3088 pacem
1116 3001 1203 3066 etad
1218 3002 1436 3089 concordiam3

320 3095 352 3152 et
371 3087 462 3150 Brun
489 3086 749 3172 archiepiscopus
770 3083 969 3172 Agrippinae
996 3086 1152 3168 civitatis,
1179 3085 1276 3152 frater
1301 3087 1437 3174 impera-

320 3172 407 3254 toris,
428 3171 527 3235 vitam
548 3191 621 3234 cum
642 3190 723 3254 pace
744 3169 857 3233 finivit.

403 3253 475 3320 966.
496 3254 617 3318 Iterum
637 3253 737 3317 tercia
757 3254 828 3317 vice
850 3252 930 3318 abiit
945 3253 1021 3319 Otto
1042 3254 1088 3316 im
1113 3262 1218 3318 erator
1238 3254 1281 3318 ad
1301 3252 1435 3337 Italiam,

320 3347 353 3402 et
373 3338 447 3402 inde
468 3338 580 3402 adiens
594 3335 705 3400 limina
720 3343 820 3400 sancti
833 3337 930 3420 Petri,
952 3336 1063 3423 ibique
1112 3359 1149 3401 eo
1170 3347 1202 3402 et
1215 3347 1326 3403 sancto
1341 3339 1436 3405 Petro

320 3419 530 3508 supplicando
552 3421 726 3508 gratiarum
747 3421 888 3486 actiones
906 3421 1055 3504 referens,
1077 3443 1115 3486 eo
1132 3421 1218 3508 quod
1233 3432 1348 3490 cuncta
1361 3444 1438 3508 erga

319 3526 393 3569 eum
414 3526 568 3590 prospero
591 3526 687 3570 cursu
707 3505 894 3590 agebantur.

402 3589 474 3654 967.
507 3589 579 3654 Hoc
612 3609 695 3653 anno
727 3590 903 3654 transmisit
933 3590 1107 3676 imperator
1136 3587 1259 3674 legatos
1291 3610 1366 3653 suos
1394 3587 1437 3653 ad

318 3671 550 3738 Willihelmum
571 3671 848 3759 archiepiscopum
877 3683 909 3739 et
934 3672 977 3738 ad
1001 3672 1081 3738 alios
1107 3674 1269 3759 principes
1297 3673 1379 3754 eius,
1401 3680 1437 3736 ut

320 3754 482 3841 Ottonem,
503 3756 604 3822 filium
626 3778 718 3820 suum
740 3759 1015 3843 aequivocumque
1034 3758 1115 3842 eius,
1138 3778 1213 3821 cum
1235 3755 1321 3819 omni
1335 3754 1436 3840 regali

320 3839 474 3926 dignitate
499 3839 712 3926 proveherent
739 3839 781 3904 ad
802 3839 944 3924 Italiam3
973 3838 1101 3928 illicque
1129 3841 1198 3925 ipse
1226 3836 1302 3904 Otto
1332 3839 1438 3906 senior

320 3926 461 4012 suscepit
482 3946 556 3990 eum
583 3932 615 3989 et
641 3945 748 3990 secum
776 3923 911 3990 deduxit
931 3925 1102 4008 Romam⁸;
1137 3922 1436 4011 commendavitque

379 4083 402 4137 a)
419 4097 502 4129 acorr.
517 4098 535 4127 c.

394 4213 422 4281 1)
441 4212 512 4267 Aac.
534 4216 629 4279 Qaedl.
648 4235 674 4272 a.
694 4217 848 4270 eea-983.
868 4215 1063 4271 desiderantur.
1139 4219 1166 4284 3)
1186 4217 1393 4287 Hmsettauis.
