3156 4882
454 343 620 395 thuanus
638 343 998 396 HILDESHEIhfflNSES.
1250 344 1286 394 35

170 510 382 578 Godehardus
397 509 551 574 diocesim
566 529 656 572 suam
672 531 710 573 su
733 531 768 574 er
783 508 1077 575 Gaudeshemense³
1092 511 1285 575 territorium

710 533 979 741 lepiscopffprum,
1001 593 1160 657 Brunonis
1175 593 1286 679 Augu·

170 595 323 661 canonice
345 595 484 674 retinuit,
506 593 686 657 testimonio

169 679 298 760 atensis,
330 675 512 743 Eberhardi
539 676 831 761 Bavenbergensis,
898 677 1067 760 eginwreoi
1095 676 1288 742 Paterbrun·

168 764 293 844 nensis,
324 759 528 844 Meginhardi
556 759 729 825 Werzibur
751 761 850 842 ensis,
883 759 1074 824 Hildiwardi
1106 759 1285 844 Citioensis,

168 843 342 931 Sigiberthi
356 844 542 926 Mindensis,
556 844 718 908 Brunonis
768 841 1009 928 ersiburgensis.
1044 843 1083 906 In
1097 842 1157 907 hac
1172 845 1286 909 sinodo

168 927 379 994 Gebehardus
394 928 529 1010 iuvenis,
550 927 648 993 frater
668 928 878 1013 imperatoris,
900 947 989 990 arma
1003 926 1174 1012 conpulsus
1190 927 1288 1026 depo·

169 1013 233 1078 suit
271 1023 303 1076 et
338 1010 517 1076 clericalem
548 1020 713 1076 tonsuram
742 1011 876 1096 aceepit.
924 1010 1098 1095 Wiggerus
1130 1009 1288 1096 presbrter

167 1106 296 1160 nostrae
318 1095 572 1241 congregationis
595 1095 682 1160 obiit

253 1178 323 1245 Ind.
347 1179 397 1260 ll,
421 1181 436 1241 1
461 1179 512 1243 28.
554 1179 603 1242 Im
629 1186 734 1242 erator
759 1179 1010 1242 incarnationem
1031 1178 1165 1241 Domini
1185 1178 1287 1264 Rege-

171 1263 290 1328 nesbur
350 1260 531 1326 celebravit.
624 1262 793 1347 ogontinus
827 1263 1089 1347 archiepiscopus
1116 1259 1222 1325 Amao
1254 1263 1288 1325 in

173 1345 281 1412 Geizle
319 1357 354 1409 e¹
379 1345 527 1410 sinodum
548 1342 729 1428 generalem
751 1367 826 1408 eum
848 1345 916 1408 suis
939 1344 1146 1430 suffraganeis
1168 1367 1185 1408 e
1209 1345 1288 1409 isco-

170 1431 221 1529 pis
243 1427 364 1493 habuit.
406 1429 446 1492 In
468 1429 635 1514 quainter
657 1439 764 1493 cetera
784 1427 1021 1493 aecclesiastica
1043 1426 1173 1514 quidam
1186 1367 1290 1492 lromo

172 1535 329 1599 mgenuus
352 1511 392 1576 de
413 1511 586 1576 homicidio
610 1511 762 1597 Sigefridi
792 1512 916 1575 comitis
938 1513 1111 1592 incusatus,
1140 1512 1289 1576 candenti

171 1619 205 1661 se
227 1596 310 1661 ferro
326 1596 527 1694 expurgavit,
549 1597 605 1682 qui
627 1618 669 1660 ex
691 1595 818 1662 decreto
841 1593 977 1659 sinodali
996 1604 1071 1680 post
1085 1594 1165 1658 duas
1179 1605 1289 1660 noctes

171 1680 340 1766 probatus,
372 1678 480 1743 rllesus
508 1679 668 1764 apparuit.
721 1677 866 1762 Misako,
899 1679 956 1765 qui
983 1678 1048 1743 iam
1079 1701 1138 1765 per
1169 1677 1210 1742 ali
1233 1687 1291 1743 uot

170 1784 271 1827 annos
298 1785 433 1848 regnum
463 1761 651 1827 Sclavorum
678 1765 843 1847 tyrannice
870 1761 932 1826 sibi
954 1772 1064 1826 contra
1091 1701 1360 1848 imperidlemmo.

171 1844 349 1932 usurpabat
362 1847 572 1927 maiestatem,
595 1845 762 1910 orientales
783 1855 889 1930 partes
905 1845 1066 1910 Saxoniae
1088 1867 1161 1909 cum
1182 1845 1290 1910 valido

171 1952 302 1996 suorum
332 1931 476 1994 exercitu
495 1928 651 1993 violenter
678 1929 812 2010 invasit,
839 1938 871 1992 et
891 1928 1045 1991 incendiis
1068 1949 1106 1990 ac
1135 1928 1289 2013 depreda-

171 2010 313 2077 tionibus
335 2013 484 2096 peractis,
505 2013 592 2075 viros
608 2031 752 2109 quosque
767 2010 948 2092 trucidavit,
970 2009 1118 2073 mulieres
1137 2010 1290 2095 plurimas

172 2095 357 2180 captivavit,
385 2093 591 2194 parvulorum
612 2092 877 2160 innumerabilem
901 2115 1033 2180 prorsus
1055 2092 1291 2159 multitudinem

172 2176 345 2243 miserabili
385 2177 593 2263 inauditaque
638 2177 881 2242 mortificatione
926 2179 1106 2241 cruentavit
1155 2188 1188 2242 et
1233 2200 1291 2264 per

172 2270 274 2327 semet
301 2262 408 2348 ipsum
430 2282 578 2360 suosque,
606 2262 703 2324 immo
726 2259 846 2325 diaboli
867 2259 1036 2340 satellites,
1063 2261 1196 2324 nimiam
1222 2283 1291 2326 cru-

173 2346 311 2412 delitatis
343 2345 490 2410 sevitiam
517 2367 551 2408 m
580 2344 824 2409 christianorum
852 2344 970 2410 finibus
999 2343 1071 2408 Deo
1101 2345 1291 2431 inspiciente

171 2431 324 2495 exercuit.

255 2512 514 2593 Ind.12‚1029.
558 2510 738 2596 Imperator
763 2509 902 2574 natalem
924 2509 1043 2574 Christi
1069 2509 1292 2594 Inglenheimb

172 2596 308 2694 peregit.
350 2595 440 2658 Brun
460 2595 628 2678 Augustae
657 2593 793 2657 civitatis
817 2592 993 2691 spraud,
1021 2592 1119 2657 frater
1146 2593 1293 2658 Heinrici

172 2678 389 2763 imperatoris,
418 2673 507 2741 obiit.
551 2675 612 2741 Oui
634 2676 730 2774 Eppo
756 2698 866 2760 regrus
893 2674 1099 2762 cappellanus
1128 2678 1292 2742 successit.

174 2759 339 2826 Generalis
361 2759 492 2824 sinodus
513 2760 546 2822 in
561 2757 688 2840 Palithr,
733 2759 891 2825 residente
912 2760 957 2822 im
980 2768 1104 2824 aratore
1130 2783 1205 2826 cum
1227 2763 1292 2847 epi-

173 2845 358 2932 scopis113
387 2845 421 2907 in
450 2865 514 2931 qua
541 2844 657 2908 iterum
715 2844 886 2929 ogontinus
912 2781 1109 2930 arclripresul
1138 2844 1292 2909 domnum

139 2961 142 2968 ·
173 2927 406 2994 Gonnnaanun
448 2949 545 3014 super
580 2925 797 2992 Gaudesheim
835 2929 1013 3014 inquietare
1056 2928 1150 3012 cepit.
1215 2931 1291 2995 We-

172 3011 317 3078 rinherus
343 3011 539 3096 Argentinae
565 3009 675 3098 presul
703 3033 721 3076 e
748 3010 868 3074 mundo
897 3011 1062 3095 migravit3
1094 3019 1168 3108 post
1195 3031 1291 3096 quem

173 3093 405 3162 Willehaelmus
417 3094 441 3176 ⁶,
462 3095 593 3180 reginae
614 3093 906 3180 archicapellanus,
934 3090 1134 3158 subintrant.
1177 3093 1292 3179 Legati

174 3179 384 3244 Liuh'ziorum
405 3177 522 3242 Palithi
543 3177 585 3242 ad
605 3179 830 3265 imperatorem
851 3177 1025 3260 venientes,
1050 3177 1119 3240 eius
1140 3178 1291 3242 iuvamen

174 3273 285 3328 eontra
305 3261 507 3326 Misakonem
528 3261 688 3326 tirannum
709 3262 870 3348 petierunt
890 3282 987 3347 seque
1013 3261 1043 3324 ei
1069 3259 1205 3326 fideliter
1226 3282 1368 3334 ser-arr.

173 3347 296 3410 vituros
318 3346 542 3430 promiserunt.
584 3345 628 3410 Et
648 3347 781 3410 mentita
802 3356 851 3410 est
871 3345 1022 3430 iniquitas
1044 3344 1115 3409 sibi.

259 3428 329 3492 Ind.
354 3427 402 3510 13,
428 3429 518 3492 1030.
562 3429 753 3493 Cuonradus
774 3430 819 3492 im
843 3437 948 3494 erator
969 3449 1043 3492 cum
1065 3428 1209 3492 exercitu
1230 3429 1290 3493 fuit

173 3511 208 3575 in
228 3510 282 3575 Un
305 3513 382 3575 aria.
426 3509 647 3574 Goderamnus
691 3514 790 3576 rimus
848 3511 1167 3576 'deneshemensium
1188 3507 1290 3574 abbas

174 3595 205 3661 2.
225 3594 258 3658 Κ
292 3593 398 3658 .Iulii
419 3593 507 3660 obiit.
552 3593 614 3658 Oui
674 3593 876 3678 delberhdus,
896 3595 1151 3679 Herocampiae²
1172 3595 1291 3658 montis

175 3679 278 3744 sancti
308 3677 459 3742 Iohannis
490 3675 649 3762 baptistae
680 3681 878 3764 prepositus,
918 3680 1001 3743 iuste
1041 3676 1291 3742 conversationis

173 3761 360 3844 monachus,
381 3761 546 3825 suecessit.
588 3760 632 3825 Et
652 3761 686 3826 in
706 3762 862 3847 proximis
883 3763 913 3826 8.
935 3760 1008 3826 Kal.
1029 3761 1098 3824 Ian.
1128 3780 1292 3825 eonsecra-

173 3855 225 3911 tus
255 3855 304 3912 est
330 3867 352 3909 a
379 3844 497 3910 domno
527 3841 732 3909 Gonanaano
758 3844 801 3910 ad
827 3845 930 3930 princi
955 3843 1005 3908 ale
1033 3843 1132 3910 altare
1164 3853 1292 3909 sanctae

174 3929 470 3996 Hildineseimensis
499 3925 660 3993 ecclesiae.
703 3928 776 3993 Hoc
805 3948 889 3992 anno
940 3949 1054 3992 omnus
1080 3925 1292 3992 Godehardus

263 4099 286 4154 a)
303 4101 530 4144 Gandeshsmenrsen
545 4111 563 4140 e.
608 4096 633 4152 b)
648 4097 779 4149 Inleuhetm
793 4110 811 4142 e.
870 4097 891 4151 c)
907 4099 964 4140 dem
978 4110 997 4141 a
1053 4095 1076 4150 d)
1092 4097 1258 4141 Vallehalmua
1273 4108 1292 4138 a.

266 4221 292 4288 1)
313 4219 452 4274 Geieledea
470 4221 500 4272 ia
518 4227 591 4272 terra
608 4216 756 4285 Eirbaseld.
831 4215 860 4284 2)
879 4216 1015 4284 Heraseld.

1059 4301 1097 4365 3*
