3156 4882
446 277 612 330 11111110
632 249 988 331 nunnusunmnusns.
1240 281 1273 328 41

162 455 194 511 et
215 444 362 510 humanis
384 454 599 531 perstrenuus,
626 445 655 508 9.
678 443 752 508 Kal.
776 443 938 529 Septemb.
966 445 1007 508 ad
1029 443 1191 511 Christum
1219 447 1275 510 mi-

159 529 274 617 gravit.
323 528 363 592 In
389 529 479 593 cuius
504 527 610 592 locum
641 527 859 592 nobilissimae
887 526 1002 592 indolis
1031 529 1156 593 iuvenis
1178 530 1276 594 Hnnr·

161 635 295 694 nunnus,
318 613 458 678 eiusdem
481 611 654 676 aecclesiae
676 611 933 694 archidiaconuS,
960 611 1017 677 sed
1042 635 1076 677 re
1100 613 1150 676 ius
1172 612 1276 699 capel·

162 697 253 761 lanus
286 704 318 760 et
351 695 535 781 Cisalpinus
568 693 790 777 cancellarius,
825 717 899 758 cum
930 635 1135 761 inenarrabili
1156 696 1274 781 gaudio

183 782 286 844 iorum
309 781 452 843 omnium
472 779 610 842 intravit.
654 777 856 843 Branthohus
878 777 1148 844 Halberstatcnsis
1173 781 1276 864 ponti-

103 894 105 898 ·
160 804 214 930 lex
237 865 275 928 6..
288 861 362 926 Kal.
384 863 546 948 Septemb.
569 862 714 928 discessit
723 861 745 926 ³.
790 862 852 927 Oui
872 863 1081 947 Burghardus
1102 862 1275 948 imperialis

161 944 368 1014 cancellarius
401 945 574 1010 honorifice
607 947 768 1012 successit.
824 945 1031 1031 Sigeberhtus
1058 947 1275 1012 Mindensium

160 1029 269 1118 presul
298 1031 444 1115 spiritum
473 1029 593 1094 efflavit
614 1032 643 1096 6.
665 1029 743 1093 Idus
766 1029 881 1095 Octob.
931 1031 1009 1094 Post
1038 1052 1132 1115 quem
1159 1029 1274 1095 nobilis

159 1114 309 1201 prosapie
331 1123 403 1198 tyro
425 1113 536 1178 Brenno
558 1115 705 1196 nomine,
731 1112 847 1198 regalis
871 1111 1063 1199 capellanus,
1087 1135 1160 1178 cum
1182 1137 1275 1199 gene·

159 1197 219 1262 rali
248 1195 519 1282 congratulatione
567 1219 744 1282 uorumque
775 1195 892 1262 Christi
921 1195 1062 1261 fidelium
1089 1197 1174 1261 idem
1196 1199 1275 1262 anti-

162 1282 290 1347 sticium
319 1279 446 1344 caelesti
474 1281 555 1346 bene
579 1281 694 1344 iotione
723 1283 857 1367 accepit.
909 1279 1085 1344 Gozmams
1114 1281 1275 1346 Asnebur-

161 1366 268 1451 gensis
290 1365 460 1450 episcopus
480 1365 510 1428 4.
526 1364 574 1428 Id.
590 1363 745 1429 Deoemb.
770 1365 857 1430 obiit.
902 1363 963 1428 Oui
976 1363 1145 1428 Albericus
1167 1366 1274 1450 regius

161 1457 446 1535 postsequetaneus
476 1449 660 1513 successitl.
703 1448 851 1512 Domnus
876 1446 1098 1512 Gonnmnnus
1119 1448 1275 1513 Hildesei-

162 1533 303 1596 mensis⁰
342 1532 508 1616 episcopus
545 1532 724 1596 Baunonan
756 1530 1015 1594 Mindonensium
1047 1531 1204 1614 presulem
1244 1542 1275 1596 et
1292 1553 1304 1582 ·-

161 1615 386 1700 Burghardum
418 1613 712 1680 Helberstatensem
744 1615 928 1700 pontificem
962 1616 1010 1678 15.
1042 1613 1114 1680 Kal.
1147 1617 1274 1680 Ianuar.

162 1699 295 1764 sabato‘¹
318 1708 390 1764 ante
411 1697 549 1764 natalem
564 1699 697 1763 Domini
718 1699 751 1762 in
769 1697 955 1765 Halberstat
976 1700 1168 1784 presbiteros
1190 1700 1384 1769 ordi-neam.

160 1784 259 1850 navit.

243 1865 314 1930 Ind.
329 1867 359 1948 5,
383 1867 473 1930 1037.
516 1866 694 1950 Imperator
715 1865 832 1962 [natale
843 1867 867 1953 ⁰]
892 1865 1012 1929 Ohristi
1031 1867 1158 1930 Verone
1178 1867 1296 1932 hono-f·
1308 1881 1354 1924 ⁵1¹·

161 1950 249 2014 rifice
271 1947 452 2012 celebravit.
495 1947 539 2012 Et
559 1949 747 2031 imperatnx
770 1969 844 2011 cum
865 1947 930 2010 filio
952 1971 1028 2032 rege
1050 1958 1082 2012 et
1102 1972 1186 2013 nuru
1208 1973 1274 2016 eos·

162 2033 236 2096 dem
259 2031 327 2095 dies
348 2029 516 2115 Imbripoli
536 2029 671 2094 feriavit.
716 2031 808 2094 Tunc
830 2033 864 2093 in
885 2029 982 2096 natali
1004 2033 1104 2096 sancti
1120 2032 1382 2117 Stephanineoao.

183 2117 394 2180 rotomartiris
415 2111 623 2198 Burghardus
645 2113 754 2198 presul
768 2113 1036 2206 Halberstatensis
1057 2115 1273 2202 pontificalem

159 2139 414 2265 benedictionem
437 2221 456 2262 a
479 2197 625 2262 Bardone
647 2199 852 2282 Mogontiaco
874 2198 1117 2284 metropolitano
1144 2201 1272 2288 suisque

160 2283 367 2367 suffraganeis
382 2281 603 2368 Heliganstedi
617 2281 791 2346 honorifice
812 2283 964 2367 percepit.
1007 2281 1185 2368 Imperator
1199 2297 1272 2370 post

158 2366 296 2432 natalem
318 2367 450 2430 Domini
474 2367 508 2428 in
530 2363 662 2430 Salemo
690 2365 786 2450 opido
808 2364 989 2450 generalem
1017 2377 1209 2432 conventum
1231 2369 1270 2434 de

157 2473 193 2514 re
214 2473 259 2536 pu
284 2449 346 2514 lica
366 2473 441 2514 cum
464 2448 550 2515 Cisal
575 2449 635 2512 inis
655 2450 834 2546 nostrisque
863 2449 1056 2534 primoribus
1082 2449 1209 2534 habuit;
1237 2453 1270 2515 in

159 2556 222 2619 quo
273 2531 484 2597 ediolanensis
503 2471 762 2616 archiepiscopus
783 2533 968 2616 imperatori
989 2533 1164 2597 contrarius
1187 2556 1270 2598 com·

158 2615 364 2702 prehenditur
391 2626 423 2680 et
450 2615 601 2700 Bopponi
632 2613 842 2699 Aquilegcnsi
869 2614 1067 2700 patriarchae
1097 2618 1269 2682 servandus

159 2701 381 2781 committitur3
402 2721 501 2784 aquo
522 2699 598 2782 fuga
611 2697 730 2782 lapsus,
752 2697 857 2782 palam
871 2697 1024 2764 rebellare
1041 2700 1133 2784 cepit.
1164 2703 1269 2782 Quem

157 2784 331 2868 imperator
358 2804 374 2846 e
402 2783 538 2867 vestigio
565 2803 637 2845 oum
665 2783 809 2846 exercitu
837 2783 1040 2868 insequutus,
1072 2783 1184 2850 urbem
1213 2807 1271 2870 per

156 2875 270 3014 tqturql
290 2866 535 2952 subsequentem
563 2887 681 2930 annum
710 2887 782 2930 cum
810 2867 913 2930 tocius
942 2865 1083 2951 periculo
1110 2871 1269 2934 exercitus

159 2971 176 3012 o
202 2973 235 3014 se
261 2951 293 3013 ‘t.

240 3033 349 3096 Bruno
360 3033 536 3098 Mindensis
551 3032 659 3119 presul
673 3033 706 3096 in
718 3042 826 3096 sancto
838 3033 890 3096 die
905 3042 1111 3130 pentecosten
1126 3037 1268 3120 epischo-
1277 3057 1324 3096 un
1332 3055 1367 3098 11.

156 3115 262 3215 palem
280 3117 480 3182 unctionemf
506 3117 547 3180 ab
566 3117 759 3180 Hermanno
776 3116 1007 3201 Agrippinensi
1025 3118 1268 3204 metropolitano

156 3222 190 3264 m
211 3221 325 3286 campo
352 3201 443 3263 iuxta
464 3199 697 3282 Mediolanum,
726 3198 902 3265 astantibus
927 3201 1119 3286 imperatore
1141 3212 1173 3266 et
1192 3225 1268 3289 rege

164 3305 237 3346 cum
253 3305 349 3380 quam
364 3283 508 3368 pluribus
523 3285 611 3368 regni
627 3283 831 3370 primoribus,
853 3283 1009 3368 condigne
1031 3287 1179 3370 suscepit.
1204 3286 1267 3351 Eo-

157 3364 231 3429 dem
245 3365 297 3428 dre
318 3367 398 3432 inibi
413 3389 531 3452 magna
543 3367 700 3432 tonitrus&
713 3365 912 3452 fulgurisque
927 3379 1039 3432 exorta
1053 3369 1174 3434 collisio
1190 3370 1268 3434 hora

156 3447 222 3512 diei
236 3450 266 3526 6,
288 3448 328 3512 de
344 3451 487 3514 exercitu
508 3451 708 3536 imperatoris
722 3472 788 3514 non
802 3451 907 3514 minus
922 3451 963 3516 60
978 3452 1071 3532 viros,
1094 3463 1129 3516 ut
1143 3453 1266 3536 dicitur,

156 3554 230 3596 cum
251 3532 495 3598 inenumerabili
509 3555 664 3618 equorum
678 3543 958 3620 armentorumque
974 3533 1174 3599 multitudine
1196 3558 1266 3620 per-

155 3617 248 3698 emit;
271 3616 350 3681 sedl
371 3626 404 3682 et
417 3617 563 3704 sequenti
584 3615 636 3680 die
657 3617 736 3680 hora
750 3617 862 3682 eadem
884 3619 979 3682 etiam
1002 3617 1043 3682 ali
1066 3639 1123 3681 uos
1138 3616 1266 3685 ademit.

154 3698 315 3764 Plurimos
338 3701 466 3787 quidem
488 3701 595 3764 varios
617 3709 649 3764 et
670 3701 766 3764 etiam
794 3699 937 3766 insolitos
960 3639 1138 3764 difficilium
1158 3723 1266 3766 rerum

155 3793 286 3848 eventus
307 3806 366 3870 per
387 3783 469 3850 hanc
484 3793 637 3849 aestatem
658 3784 818 3849 exercitus
832 3794 940 3850 noster
961 3785 994 3847 in
1015 3782 1123 3849 multis
1145 3783 1265 3850 ibidem

152 3868 312 3932 sustinuit.

240 4047 264 4100 a)
280 4049 374 4091 discesit
393 4061 411 4095 o,
484 4045 507 4100 b)
524 4049 617 4090 snoctstt
631 4059 648 4091 c.
717 4045 738 4099 o)
754 4046 963 4087 Himiteselmensls
978 4057 995 4086 c.
1072 4045 1096 4100 d)
1112 4053 1192 4098 sapato
1207 4060 1264 4090 corr.

153 4105 232 4146 sabato
248 4119 266 4148 e.
325 4107 348 4160 e)
364 4110 419 4150 deut
433 4119 451 4148 c.
510 4105 665 4159 fluntlonem
680 4117 697 4147 c.
757 4104 781 4158 ε)
797 4107 895 4146 1101111111
911 4116 928 4146 c.
980 4102 1004 4157 h)
1022 4105 1062 4146 sod
1078 4108 1223 4149 —uustlnutt
1238 4109 1261 4148 111

152 4165 196 4204 ima
207 4167 304 4216 1111911111
315 4173 380 4218 purte
391 4171 442 4218 post
456 4167 532 4208 addita
547 4168 652 4209 0111111111.
