3156 4882
317 317 350 366 12
600 318 767 370 ANNALES
786 317 1144 369 HILDESHEIMENSES.

314 489 436 542 rendum.
472 489 635 540 Heistulium
655 491 706 541 sibi
725 489 837 541 inbelle
851 495 1036 540 occurrentem
1049 495 1165 555 superat.
1203 489 1353 542 Heistulius
1371 491 1436 556 fuga

312 563 406 629 lapsus
424 563 525 628 Papiae
543 563 697 628 includitur,
717 564 785 614 datis
805 563 943 614 obsidibus
957 563 1007 625 40;
1026 568 1194 614 sacramento
1214 565 1374 615 constrictus
1392 579 1436 616 res

315 637 403 686 sancti
421 635 495 685 Petri
514 637 637 686 restituit.

408 708 559 773 Stephanus
583 725 654 774 papa
678 709 790 758 Romam
818 711 966 759 revertitur.
1011 708 1206 759 Karlomannus
1234 709 1380 760 monachus
1407 711 1436 760 in

316 782 459 831 Franciam
478 780 587 831 fratrem
606 783 714 832 visitare
734 783 853 841 veniens,
872 782 993 830 Viennae
1013 783 1131 832 moritur.

407 853 536 919 Pippinue
564 856 593 903 in
617 854 724 904 Italiam
752 853 937 920 proficiscitur.
984 854 1146 904 Heistulfum
1174 854 1276 920 Papiae
1304 854 1436 906 inclusum

316 926 423 977 obsedit
442 931 477 987 et,
496 932 526 976 ut
547 943 589 978 res
602 928 688 977 sancti
701 927 774 976 Petri
792 925 926 988 redderet,
945 932 1112 978 sacramento
1126 927 1292 992 constringit.
1330 929 1437 978 Raven-

316 1015 379 1050 nam
400 1015 460 1049 cum
479 999 623 1066 Pentapoli
642 1005 735 1050 sancto
755 1000 835 1050 Petro
854 999 975 1050 tradidit.

410 1071 559 1123 Heiatulfus
578 1073 606 1121 iu
625 1074 768 1122 venatione
788 1088 857 1138 equo
876 1072 976 1139 lapsus,
996 1088 1107 1137 regnum
1128 1087 1187 1122 cum
1207 1073 1263 1122 vita
1281 1071 1406 1138 perdidit.

407 1145 537 1210 Pippinue
557 1145 677 1196 Saxones
696 1145 769 1196 bello
789 1151 911 1211 superat3
937 1161 1019 1212 equos
1039 1145 1093 1194 300
1118 1143 1231 1194 reddere
1256 1146 1284 1194 in
1309 1146 1436 1196 tributum

318 1219 474 1283 promittunt
493 1223 522 1267 et
538 1219 732 1268 restitutionem
752 1218 816 1284 quid
835 1219 933 1268 iniuste
952 1217 1127 1269 abstulerunt

234 1295 306 1338 raa.
409 1290 539 1356 Pippinue
567 1290 723 1340 Weiferium
753 1291 849 1342 ducem
879 1293 908 1341 in
933 1293 1079 1356 Aquitania
1114 1289 1289 1340 ecclesiarum
1320 1291 1439 1342 iustitias

317 1363 407 1412 iacere
426 1367 600 1412 rennuentem
620 1365 710 1428 coegit
727 1365 881 1428 promittere
901 1363 1124 1415 emendationem.

408 1435 575 1486 Weiferiusa
594 1445 763 1488 sacramenta
782 1439 922 1497 mentitus,
945 1437 1077 1486 vastando
1098 1443 1125 1486 at
1144 1434 1333 1502 depopulando
1352 1453 1438 1502 usque

318 1507 485 1558 Oavillouem
511 1511 641 1574 pervenit.
678 1510 808 1576 Pippinue
835 1525 895 1560 cum
915 1509 994 1560 Oarlo
1020 1508 1075 1559 filio
1101 1511 1247 1560 exercitum
1272 1524 1304 1558 ex
1323 1511 1459 1580 adverso,

316 1587 415 1644 movet,
437 1581 550 1632 castella
569 1587 596 1632 et
615 1583 738 1633 civitates
756 1583 901 1648 pugnando
921 1583 1001 1648 capit.
1037 1583 1198 1645 Burbonam,
1219 1581 1341 1646 Cantela,
1362 1582 1436 1632 Olar-

317 1659 443 1716 moutem,
463 1653 586 1719 aliaeque
606 1670 687 1720 quam
706 1655 837 1721 plurimae
857 1657 914 1706 eius
934 1654 1081 1706 dominatui
1099 1671 1128 1705 se
1148 1655 1292 1706 subiciunt.
1329 1655 1438 1706 Deinde

315 1727 470 1778 Beturicam
490 1733 632 1793 expugnat

408 1799 512 1850 Tassilo
533 1799 566 1850 de
587 1803 705 1851 exercitu
724 1803 795 1866 regis
821 1817 850 1852 se
870 1800 1035 1864 subducens,
1060 1801 1215 1851 Baioariam
1239 1803 1315 1867 petit.
1352 1803 1439 1852 Pacta

318 1877 359 1922 est
377 1872 462 1923 hiems
481 1872 574 1922 valida
593 1889 663 1924 anuo
685 1875 746 1925 764.

408 1946 600 2011 Hruotgangus
625 1948 764 1998 Mettensis
789 1947 861 1997 urbis
890 1947 1108 2013 archiepiscopus
1136 1947 1283 2013 postulavit
1310 1963 1327 1995 a
1351 1945 1438 1997 Paulo

318 2033 430 2084 corpora
455 2024 608 2070 sanctorum
633 2025 778 2086 martyrum
804 2020 948 2086 Gorgonii,
974 2020 1088 2071 Naboris
1115 2021 1275 2080 cenerarii,
1303 2020 1437 2087 et'imp'e·

317 2093 399 2142 travit
424 2091 588 2157 adduxitque
613 2094 647 2142 ab
672 2094 737 2143 urbe
763 2093 849 2143 Roma
876 2095 1070 2145 cumhonore.
1108 2094 1144 2143 Et
1169 2092 1290 2144 condidit
1315 2099 1438 2144 sanctum

319 2163 482 2229 Gergouiam
501 2165 530 2213 in
549 2167 709 2215 monastario
728 2182 785 2227 suo,
805 2165 876 2230 quod
896 2167 955 2230 ipse
975 2181 992 2214 a
1010 2183 1079 2217 novo
1105 2164 1305 2226 aedificaverat,
1329 2167 1373 2215 cui
1390 2181 1438 2216 vo·

318 2236 443 2286 cabulum
463 2241 504 2286 est
524 2236 633 2297 Geraiu3
658 2242 780 2286 sanctum
799 2237 933 2287 Naborem
957 2239 986 2286 iu
1005 2238 1165 2287 monasterio
1185 2237 1254 2292 alio,
1274 2237 1320 2301 qui
1340 2237 1438 2288 dicitur

317 2307 501 2369 Nova-Cella3
521 2315 642 2358 sanctum
662 2324 725 2358 vero
745 2308 887 2358 Naaarium
906 2310 934 2357 in
952 2308 1114 2358 monasterio
1133 2313 1222 2358 nostro
1241 2309 1438 2373 Laureshaem3

317 2380 363 2430 ubi
381 2381 409 2430 in
428 2380 538 2445 prefatis
556 2379 624 2429 locis
644 2379 733 2430 multis
753 2379 889 2430 miraculis
909 2380 1069 2432 clarescunt.

409 2453 538 2518 Pippinue
557 2468 662 2502 omnem
675 2453 864 2518 aequitaniam
882 2452 1050 2519 peragrando
1063 2467 1129 2502 suaa
1149 2449 1250 2502 dicioni
1268 2452 1366 2516 subdit,
1386 2469 1438 2504 uec

317 2531 408 2576 tamen
433 2532 463 2577 ut
488 2525 573 2576 voluit
591 2525 748 2576 Weiferium
773 2527 858 2590 capit3
884 2525 933 2576 sed
958 2526 1005 2576 ille
1031 2539 1136 2590 semper
1153 2525 1298 2574 vastationi
1323 2531 1351 2576 et
1372 2527 1437 2592 fuge

317 2600 444 2662 intentus,
465 2599 551 2648 donec
565 2598 626 2650 dolo
640 2600 804 2650 Warattonis
823 2601 1007 2665 interemptus,
1027 2603 1054 2648 et
1071 2598 1151 2662 fugae
1166 2602 1192 2648 et
1210 2597 1338 2648 tirannidi
1356 2598 1437 2651 finem

320 2670 404 2721 dedit.

246 2751 308 2792 mu.
409 2743 538 2809 Pippiuus
558 2744 592 2794 ab
611 2744 758 2810 Aquitania
775 2745 940 2810 regrediens,
960 2745 1138 2796 adsumtum
1157 2744 1309 2794 Dionisium
1329 2744 1354 2796 8.
1374 2745 1437 2798 Kal.

319 2815 380 2867 Oet.
401 2816 472 2865 diem
492 2816 566 2880 obiit,
588 2813 699 2884 [auuob]
721 2819 819 2868 aetatis
839 2819 883 2866 54.

411 2889 437 2938 1.
474 2888 572 2939 Karlus
592 2905 651 2940 cum
672 2889 832 2940 Garlmanuo
852 2890 933 2940 fratre
952 2898 1049 2954 regnat
1067 2905 1129 2938 aun.
1149 2889 1174 2938 3.

412 2962 437 3012 2.
475 2961 572 3012 Karlus
599 2979 659 3012 cum
680 2963 849 3023 carlmanno,
876 2962 958 3013 fratre
977 2977 1035 3023 suo,
1059 2961 1214 3012 Hunoldum
1239 2962 1268 3011 iu
1292 2962 1438 3028 Aquitania

318 3034 494 3086 rebellantem
516 3036 633 3100 capiunt.
1166 3042 1169 3047 '

410 3109 437 3160 3.
473 3107 651 3160 Karlmannus
670 3125 717 3159 rex
737 3109 803 3159 obiit
820 3107 886 3158 villa
906 3106 1105 3171 Salmantiaco;
1124 3107 1252 3173 sepelitur
1270 3109 1370 3158 Remis.

411 3182 436 3229 4.
474 3180 572 3232 Karlus
597 3183 625 3230 in
649 3181 766 3232 Saxonia
794 3185 910 3231 castrum
932 3180 1086 3246 Aereaburg
1114 3185 1264 3246 expugnat,
1292 3179 1382 3230 fanum
1411 3187 1439 3232 et

318 3253 409 3304 lucum
429 3269 519 3304 eorum
537 3253 668 3304 famosum
688 3253 821 3304 Yrmiusul
841 3254 979 3304 subvertit.
1365 3297 1366 3300 ,

410 3325 437 3376 b.
475 3326 584 3376 Interea
603 3342 663 3376 cum
683 3328 814 3377 exercitus
833 3327 878 3377 siti
896 3327 1054 3392 latigaretur
1072 3342 1120 3392 pre
1140 3327 1278 3388 siccitate,
1303 3327 1391 3376 subito
1411 3329 1439 3378 iu

320 3398 435 3465 quodam
466 3404 582 3450 torrente
608 3399 699 3450 media
723 3399 766 3450 die
793 3401 919 3450 divinitus
945 3414 1031 3464 aquae
1059 3399 1227 3464 largissimae
1256 3398 1339 3451 effuse
1367 3405 1438 3452 sunt.

319 3472 440 3523 Saxones
464 3472 500 3522 ad
522 3487 614 3537 regem
639 3489 719 3538 super
738 3473 870 3524 Wisaram
894 3473 1045 3535 venientes,
1069 3471 1207 3524 obsidibus
1233 3471 1319 3535 datis,
1343 3488 1438 3538 pacem

318 3562 348 3597 ro
368 3551 422 3596 aut.
652 3589 653 3592 ,

349 3562 367 3612 8
393 3620 417 3670 6.
456 3617 563 3680 Karlus,
581 3619 711 3669 invitante
729 3619 848 3670 Adriano
867 3617 993 3685 pontifice
1006 3618 1135 3680 Romano,
1155 3615 1263 3667 Italiam
1281 3615 1438 3682 ingreditur.

318 3691 477 3742 Desiderius
495 3707 542 3740 rex
555 3691 685 3742 obsistere
697 3693 797 3752 nititur,
819 3691 917 3743 clausis
930 3691 1037 3757 Alpium
1057 3690 1195 3752 obseratis,
1215 3691 1320 3741 obviam
1338 3691 1438 3755 pergit.

319 3765 418 3814 Franci
437 3764 542 3814 clausas
561 3769 695 3826 reserant3
715 3765 873 3816 Desiderius
892 3765 994 3830 Papiae
1013 3761 1166 3813 includitur.

412 3838 437 3886 l.
474 3835 573 3887 Karlua
591 3837 703 3902 Papiam
724 3838 862 3888 civitatem
881 3837 1004 3900 obsedit,
1028 3835 1129 3886 nullum
1154 3833 1260 3898 ingredi
1279 3834 1324 3886 vel
1343 3835 1437 3900 egredi

319 3910 475 3978 permittit·
494 3911 605 3960 Interim
618 3910 717 3962 Karlus
736 3912 864 3962 orationis
885 3925 967 3961 causa
985 3909 1020 3960 ad
1038 3907 1132 3958 limina
1151 3907 1238 3956 sancti
1250 3906 1323 3958 Petri
1341 3910 1438 3974 pergit.

319 3982 450 4034 Adrianus
469 3999 540 4050 papa
559 3983 681 4048 gaudens
700 4000 760 4034 cum
777 4000 877 4050 magna
894 3983 981 4050 gloria
999 3996 1091 4046 regem
1104 3978 1291 4030 advenientem
1311 3983 1440 4048 suscipit;

319 4055 392 4106 diem
410 4059 531 4108 sanctum
550 4057 668 4123 paschae
681 4056 836 4108 solemniter
855 4055 1001 4116 celebrant,
1021 4059 1120 4103 etcum
1139 4052 1249 4102 laeticia
1268 4069 1359 4120 regem
1378 4071 1438 4121 pro·

412 4218 435 4270 a)
452 4220 566 4260 walterus
582 4231 599 4262 c.
660 4217 684 4272 b)
700 4221 756 4260 deest
771 4231 789 4260 c.
