3156 4882
383 378 417 428 64
667 375 833 430 ANNALES
853 379 1211 434 Hlarusflfflnuusus.

382 545 471 612 urbis
492 543 624 631 familia,
645 553 712 612 tam
732 544 867 629 nobiles,
893 553 959 610 tam
980 545 1212 630 ministeriales,
1240 547 1347 634 ipsum
1368 547 1501 632 adeunt,

382 639 483 712 orant,
505 629 547 694 ad
568 651 663 696 omne
685 630 851 696 servitium
878 651 973 696 suum
999 631 1202 698 fidelissimos
1231 653 1265 695 se
1287 631 1403 698 amodo
1425 655 1501 722 pro-

381 715 520 795 mittunt,
543 713 620 778 dum
642 715 843 801 episcopum,
873 735 967 800 quem
988 715 1053 778 iam
1074 715 1208 780 triennio
1230 726 1358 800 captum
1386 718 1499 799 tenuit,

382 799 427 864 eis
449 797 572 863 reddat.
614 798 759 864 Tandem
803 797 930 864 recibus
949 820 1059 864 eorum
1074 800 1188 881 victus,
1209 807 1278 864 turn
1293 800 1389 864 etiam
1406 802 1500 887 quasi

380 883 413 948 vi
434 903 493 970 pro
514 883 668 969 temporis
688 821 822 948 arficulo
845 892 984 963 coactus,
1006 884 1193 969 episcopum
1215 883 1259 948 eis
1280 883 1429 950 reddidit.

465 967 556 1032 1116.
592 965 809 1032 Theodericus
825 965 994 1031 cardinalis
1008 967 1152 1048 moritur,
1168 965 1320 1032 Coloniae
1335 967 1499 1054 sepelitur,

149 1123 158 1136 .
256 1099 265 1114 .
381 1049 559 1150 mtantibus
588 1051 748 1196 episcqpis
771 1051 811 1116 14
840 1071 913 1114 cum
932 1051 1093 1149 ‘Liutgero
1108 1052 1205 1150 'duce
1234 1049 1405 1150 multisque
1426 1051 1499 1116 aliis

217 1185 238 1250 1
264 1160 322 1203 ⁰⁰⁶·
335 1134 590 1284 ‘ttondit
619 1143 810 1282 ...tlt
830 1133 1116 1305 {hildilid
1134 1135 1499 1307 dttttlttlthff

267 1373 279 1386 ,
380 1301 500 1387 Magna
520 1302 603 1367 aeris
624 1300 813 1388 inequalitas
834 1301 918 1367 facta
940 1312 997 1368 est.
1031 1302 1126 1368 Circa
1139 1301 1243 1368 natale
1257 1304 1400 1387 Domini,
1422 1303 1499 1368 luna

381 1385 466 1451 clare
495 1384 651 1467 fidente,
681 1384 744 1450 alia
773 1395 843 1450 orta
872 1396 921 1452 est
946 1387 987 1452 ab
1017 1387 1192 1452 occidente.
1236 1388 1320 1468 Qua.
1337 1388 1392 1452 diu
1423 1410 1498 1452 oum

379 1468 518 1535 naturali
538 1408 614 1533 dina
628 1491 808 1556 congressa,
830 1469 926 1534 modo
941 1470 1089 1552 assultus,
1111 1471 1207 1536 modo
1229 1470 1339 1556 fugam
1354 1474 1498 1558 utrisque

380 1551 611 1636 simulantibus,
634 1553 860 1620 obscurissima
880 1553 1009 1618 tandem
1024 1553 1109 1620 nube
1130 1563 1232 1620 tectae
1255 1565 1343 1636 sunt;
1365 1579 1429 1643 qua
1449 1577 1499 1620 re·

380 1637 528 1720 cedente,
554 1635 706 1702 naturalis
733 1636 810 1702 luna
837 1637 905 1702 sola
933 1636 1087 1723 fulgebat.
1131 1637 1251 1704 Similis
1274 1662 1402 1726 quoque
1424 1661 1498 1706 con-

379 1720 483 1786 flictus
504 1722 538 1784 in
560 1719 658 1786 stellis
678 1723 767 1785 visus
789 1731 846 1786 est.

288 1833 370 1877 nae.
467 1805 557 1870 1117.
598 1805 637 1868 In
660 1814 773 1868 octava
798 1805 904 1870 sancti
924 1803 1074 1870 Iohannis
1104 1803 1318 1890 euangelistae
1347 1805 1410 1870 late
1438 1829 1499 1892 per

381 1889 491 1954 orbem
512 1886 647 1953 terribili
668 1899 701 1953 et
720 1888 864 1954 inaudito
895 1887 1048 1954 haetenus
1075 1896 1248 1954 terremotu
1276 1899 1360 1954 terra
1382 1911 1498 1956 concu-

228 2019 232 2024 -
302 1995 319 2041 t.
327 1995 370 2038 ea.
380 1973 466 2038 titur.
518 1973 660 2037 Maxime
685 1994 761 2038 vero
795 1974 830 2036 in
856 1971 963 2038 Ytalia
994 1973 1104 2038 minax
1135 1973 1196 2038 hoc
1228 1972 1407 2059 periculum
1440 1996 1499 2060 per

381 2056 497 2122 multos
520 2057 588 2122 dies
611 2059 761 2122 continue
783 2056 915 2139 desevit,
943 2054 1024 2122 adeo
1046 2067 1082 2122 ut
1103 2058 1260 2122 montium
1282 2057 1444 2124 collisione
1466 2067 1498 2122 et

380 2142 586 2207 subversione
606 2140 781 2208 Aedissae¹
806 2140 946 2205 fluminis
969 2151 1093 2207 meatus
1119 2163 1178 2240 per
1205 2141 1326 2228 aliquot
1351 2142 1420 2208 dies
1444 2142 1498 2208 ob·

380 2233 563 2290 strueretur.
605 2225 744 2307 Verona,
766 2226 879 2290 civitas
900 2224 1012 2290 Italiae
1034 2224 1241 2308 nobilissima,
1269 2224 1402 2290 edificiis
1424 2248 1497 2291 con·

380 2310 495 2392 cussis,
517 2308 625 2374 multis
654 2331 780 2396 quoque
801 2307 986 2373 mortalibus
1009 2307 1141 2389 obrutis,
1171 2309 1300 2372 corruit.
1345 2309 1498 2375 Similiter
1575 2344 1576 2349 κ

379 2393 412 2457 in
434 2393 551 2457 Parma
572 2393 658 2458 etin
682 2393 815 2457 Venetia
835 2391 969 2477 aliisque
988 2389 1132 2468 urbibus,
1155 2391 1283 2476 oppidis
1305 2400 1337 2454 et
1359 2391 1496 2456 castellis

378 2499 443 2542 non
465 2499 569 2562 pauca
583 2477 748 2548 hominurn
762 2476 850 2540 milia
870 2477 1065 2540 interierunt.
1108 2473 1243 2538 Unstrot
1263 2471 1390 2556 fluvius,
1412 2474 1495 2538 alvei

380 2561 431 2626 sui
452 2561 609 2647 profundo
632 2562 741 2643 scisso,
764 2583 806 2625 ex
827 2570 893 2626 toto
915 2557 1060 2624 absortus
1090 2567 1138 2622 est
1163 2567 1266 2623 terrae
1293 2565 1392 2622 motu.
1435 2558 1496 2623 Re-

379 2644 464 2731 pleto
490 2655 597 2710 autem
627 2645 697 2732 ipso
723 2643 840 2732 hyatu,
865 2642 941 2708 licet
969 2643 1043 2730 post
1069 2640 1169 2706 multa
1199 2641 1348 2707 horarum
1379 2643 1495 2727 spacia,

380 2728 471 2794 solito
493 2729 613 2796 fluebat
626 2728 729 2814 lapsu.
813 2726 926 2793 Abbas
942 2725 1145 2792 Corbeiensis
1159 2725 1405 2791 Erkenbertusa
1426 2726 1494 2812 plu·

378 2834 493 2898 resque
509 2812 549 2877 de
565 2813 706 2878 Saxonia
719 2811 963 2877 Iherosolimam
975 2811 1107 2876 vadunt.
1171 2811 1289 2876 Paucis
1304 2820 1379 2876 ante
1390 2809 1493 2876 natale

378 2896 511 2962 Domini
540 2895 652 2961 diebus
675 2895 799 2960 eaelum
821 2904 895 2980 post
917 2893 992 2959 solis
1014 2916 1163 2959 occasum
1190 2895 1200 2957 i
1225 2916 1284 2960 neo
1307 2893 1412 2958 colore
1432 2892 1494 2958 late

378 2978 589 3066 resplenduit,
617 3002 677 3044 nec
704 2977 799 3078 longe
827 2987 900 3064 post
928 2980 1020 3064 quasi
1045 2979 1154 3044 radius
1176 2917 1251 3043 sedis
1272 2977 1333 3042 late
1356 2976 1493 3042 emicuit.

378 3063 472 3130 Luna
494 3085 623 3152 quoque
644 3061 822 3150 prodigiale
843 3061 1040 3126 intuentibus
1062 3063 1190 3147 signum
1212 3061 1320 3128 edidit.

464 3149 555 3213 1118.
598 3149 746 3213 Domnus
772 3168 858 3232 papa
887 3145 1050 3210 Paschalis
1083 3145 1218 3211 feliciter
1248 3145 1291 3211 ad
1318 3145 1492 3212 Dominum

1562 2970 1566 3015 l

379 3231 537 3377 milgravit.
581 3232 755 3296 Successor
775 3231 805 3294 ei
827 3229 954 3309 eligitur
974 3228 1147 3314 Iohannes,
1177 3230 1278 3316 ipsius
1307 3238 1400 3294 antea
1422 3250 1492 3294 can-

380 3335 415 3378 oe
439 3315 534 3396 arius,
558 3316 614 3462 qui
636 3325 668 3380 et
689 3314 838 3380 Gelasius
860 3313 965 3378 dictus
992 3322 1050 3378 est.
1093 3315 1271 3400 imperator
1292 3335 1369 3378 vero
1398 3311 1492 3376 alium
1547 3310 1549 3387 l

281 3464 284 3469 ,
380 3408 536 3484 surrogat,
588 3399 806 3464 racarensemb
827 3397 949 3462 scilicet
969 3406 1165 3484 episcopum,
1188 3420 1285 3485 quem
1303 3396 1491 3484 Gregorium
1547 3390 1549 3443 l

378 3492 584 3548 vocavertmt.
629 3485 701 3565 Quo
722 3482 818 3564 facto,
845 3481 1004 3548 Iohannes
1032 3481 1152 3548 electus
1179 3480 1373 3568 apostolicus
1394 3482 1491 3546 Bene·
1550 3497 1551 3500 ’

378 3577 509 3632 ventum
531 3568 665 3650 secedit3
695 3568 921 3652 imperatorem
947 3588 1020 3632 cum
1047 3565 1145 3654 ydolo
1173 3586 1231 3630 suo
1252 3605 1295 3616 -
1320 3565 1382 3629 hoo
1410 3565 1489 3628 enim

377 3653 506 3716 nomine
528 3673 623 3739 quern
651 3653 721 3738 ipse
743 3651 906 3716 substituit
934 3661 1065 3716 vocatus
1094 3660 1143 3716 est
1164 3689 1204 3699 —
1227 3668 1398 3734 omnesque
1419 3645 1489 3710 huic

378 3738 461 3823 parti
489 3737 720 3802 eonsentientes
748 3736 1047 3800 excommunicavit.
1131 3733 1311 3819 Mogontini
1339 3729 1444 3795 archie
1466 3731 1489 3794 i·
1549 3760 1550 3763 ¹

378 3821 469 3906 scopi
489 3819 605 3885 milites
627 3841 732 3886 comes
757 3841 797 3884 ue
819 3819 1040 3884 Heremannus
1066 3817 1242 3904 presidium
1272 3815 1362 3880 ducis
1383 3752 1487 3878 hiide-

377 3904 436 3968 rioi
457 3904 491 3968 in
513 3902 716 3990 Oppenheim
735 3842 886 3986 diruunt,
914 3911 1135 3985 concremant,
1161 3899 1316 3987 multique
1343 3899 1416 3987 igne
1436 3898 1487 3964 ab·
1547 3943 1548 3948 κ

378 3989 499 4075 sumpti
513 3998 596 4054 sunt.
680 3987 884 4054 Baldevvinus
899 4009 957 4052 rex
972 3985 1266 4052 lherosolimitanus
1288 3994 1363 4070 post
1376 3981 1486 4048 multos
1543 4000 1545 4056 g

466 4149 495 4203 a)
505 4141 558 4193 nii.
575 4163 592 4192 c.
648 4149 673 4203 b)
689 4152 843 4193 Becarensem
858 4162 875 4192 e.

472 4282 500 4347 1)
518 4283 609 4336 Etacb.
