3156 4882
323 323 358 374 62
610 323 778 376 ANNALES
797 321 1156 375 Hrnnnsumunusus.

322 490 456 556 viriliter
476 490 636 554 resistunt.
678 489 750 555 Rex
771 511 847 555 vero
870 499 902 555 et
916 491 1000 554 acies
1023 511 1081 554 sua
1100 492 1166 554 iam
1187 489 1333 573 adaucta,
1380 513 1442 556 uae

321 575 412 662 prius
426 596 498 639 rara
512 584 588 656 erat,
610 574 774 639 venientes
789 573 942 639 audacter
956 573 1088 655 invadit,
1103 572 1307 640 occursantes
1322 586 1440 639 mutos

323 659 502 740 obtruncat,
525 666 647 722 eeteros
668 657 773 744 fugat3
795 657 890 744 plena
913 680 954 722 ue
968 659 1103 723 victoria
1124 659 1253 743 potitae,
1275 658 1442 723 abducto·
1480 665 1483 676 '

323 765 432 808 secum
454 740 630 830 apostolico
654 763 727 806 cum
750 681 975 824 cardinalibus,
1002 763 1114 807 versus
1136 741 1254 808 Albam
1277 743 1439 807 civitatem

321 827 440 910 tendit;
462 836 567 891 castra
580 826 614 890 in
629 826 750 912 campis
766 827 838 890 urbi
853 825 1074 891 adiacentibus
1088 825 1168 912 figit,
1190 827 1247 892 ubi
1268 848 1326 911 per
1340 836 1440 891 totam

323 910 601 998 quadragesimam
629 920 780 974 moratur.
833 909 895 974 His
927 911 972 975 ita
1003 910 1120 995 gestis,
1152 911 1237 996 regis
1271 911 1441 996 optimates

323 993 464 1082 quidam,
488 994 723 1058 communicato
740 993 882 1076 consilio,
903 1016 1032 1080 papam,
1056 996 1111 1080 qui
1129 993 1233 1058 adhuc
1248 993 1283 1058 in
1298 995 1443 1059 custodia

321 1079 412 1162 regia
440 1077 656 1148 detinebatur.
688 1078 822 1160 adeunt,
856 1087 999 1160 monent,
1033 1087 1144 1159 orant,
1177 1090 1212 1143 ut
1240 1101 1335 1164 super
1356 1079 1441 1164 regis

321 1185 362 1226 ne
387 1164 457 1226 ocio
472 1163 579 1225 mitius
594 1172 679 1247 agat,
701 1163 845 1240 iniuriae,
869 1163 895 1225 si
911 1184 1007 1248 quam
1022 1161 1174 1226 adversus
1186 1185 1223 1226 re
1247 1184 1298 1226 em
1313 1161 1439 1245 habeat,

322 1185 537 1327 obdriacatur,
560 1245 651 1310 fedus
673 1269 746 1311 cum
768 1269 843 1331 rego
871 1247 974 1330 ineat,
1001 1247 1086 1330 regis
1109 1245 1171 1310 sibi
1197 1185 1380 1311 fidelitatem
1408 1255 1442 1311 et

323 1330 538 1415 obedientiam
560 1341 756 1416 proponunt3
779 1329 963 1394 omnimodo
985 1328 1164 1412 sollicitant,
1189 1340 1226 1394 ut
1247 1351 1329 1416 quae
1350 1331 1440 1416 pacis
1546 1411 1550 1419 ,

322 1422 355 1478 et
369 1415 558 1490 concordiae
575 1422 650 1478 sunt
671 1436 746 1478 oum
790 1413 963 1478 rimoribus
982 1415 1073 1499 regni
1095 1413 1264 1500 disponere
1278 1413 1438 1499 dignetur.

321 1497 394 1563 Rex
414 1501 484 1584 ipse
512 1496 649 1584 pedibus
672 1499 739 1562 eius
766 1437 926 1562 bumiliter
947 1498 1109 1582 profusus,
1139 1499 1268 1562 veniam
1290 1497 1439 1583 postulat,

323 1579 538 1666 obedientiam
566 1581 718 1667 spondet,
746 1582 920 1646 dummodo
950 1583 980 1645 ei
1007 1583 1041 1644 in
1068 1582 1158 1666 regia
1186 1591 1342 1668 potestate
1370 1583 1440 1648 iure

322 1675 561 1730 antecessorum
577 1687 707 1728 suorum
724 1664 951 1730 catholicorum
973 1688 1086 1750 regum
1108 1667 1154 1729 uti
1170 1665 1334 1730 concedat.
1372 1666 1441 1731 Sic·

324 1771 386 1834 que
409 1749 517 1834 sepius
540 1748 693 1813 domnum
715 1771 842 1835 papam,
874 1758 910 1813 ut
931 1751 1030 1813 animi
1050 1750 1189 1834 rigorem
1211 1749 1441 1836 aliquantisper

322 1843 387 1896 tem
412 1842 524 1914 oraret,
546 1834 756 1932 attemptavit.
800 1833 946 1898 Tandem
968 1855 1054 1919 papa
1074 1833 1213 1896 vincitur
1235 1843 1267 1898 et
1288 1834 1381 1916 cedit,
1409 1845 1442 1900 et

324 1916 371 1980 sic
423 1939 527 1980 amam
550 1916 724 1981 honorrfice
745 1917 849 1982 redire
895 1918 1072 1982 ermittitur.
1117 1917 1220 2002 Igitur
1242 1939 1315 1980 curn
1339 1917 1441 1982 cardi·

323 1999 448 2066 nalibus
470 2001 648 2087 ceterisque
669 2003 814 2087 personis
837 2025 856 2066 a
899 2001 961 2066 tale
983 2001 1150 2086 negocium
1175 2001 1281 2086 dignis
1303 2001 1343 2067 de
1366 2023 1439 2066 con-

324 2085 499 2150 secratione
526 2086 612 2170 regis
641 2095 765 2150 tractat.
820 2086 947 2151 Statuta
975 2095 1082 2149 autem
1111 2085 1180 2166 die,
1212 2085 1333 2150 scilicet
1360 2085 1438 2150 Idus

212 2189 268 2244 apr.
278 2193 313 2235 ra.
323 2168 453 2254 Aprilis,
475 2170 509 2232 in
530 2167 665 2233 aeclesia
686 2168 771 2234 beati
785 2171 872 2234 Petri
886 2192 994 2255 regern
1016 2170 1240 2254 imperatorem
1263 2180 1438 2235 consecrat.

324 2251 470 2338 Cumque
491 2274 594 2338 usque
616 2252 658 2315 ad
673 2253 973 2317 communicandum
994 2253 1111 2318 missae
1125 2251 1342 2340 sollempnitas
1357 2267 1441 2319 osset

323 2335 490 2418 celebrata,
512 2334 703 2435 apostolicus
719 2335 792 2400 dato
808 2335 932 2401 silentio
947 2359 1056 2422 regem
1079 2337 1125 2400 sic
1146 2335 1332 2423 alloquitur:
1356 2338 1439 2402 ‘Hoc

321 2441 439 2506 corpus
461 2419 582 2484 dommi
604 2421 704 2485 nostri
726 2421 800 2484 Iesu
822 2419 950 2501 Christi,
981 2429 1090 2484 natum
1119 2443 1160 2485 ex
1180 2421 1283 2484 Maria
1303 2422 1438 2506 virgine,

320 2526 451 2590 passum
483 2526 541 2590 pro
569 2503 669 2569 salute
704 2506 830 2590 generis
862 2504 1009 2587 humani,
1042 2505 1084 2570 sit
1115 2505 1313 2569 confirmatio
1344 2527 1440 2570 verae

320 2590 409 2674 pacis
432 2597 464 2652 et
485 2588 675 2652 concordiae
702 2589 785 2654 inter
806 2611 858 2653 me
880 2597 911 2653 et
931 2591 989 2671 te';
1019 2597 1052 2652 et
1080 2591 1362 2668 communicantes,
1390 2591 1437 2654 in·

319 2673 424 2736 vicem
447 2671 581 2736 osculati
597 2684 679 2737 sunt.
722 2674 801 2736 Post
822 2673 901 2736 haec
922 2673 1096 2758 imperator
1111 2672 1331 2758 apostolicum*
1343 2675 1439 2758 regiis

320 2755 506 2820 muneribus
536 2755 647 2837 donat,
678 2777 697 2819 a
726 2778 790 2842 quo
817 2765 981 2843 tamquam
1011 2755 1095 2820 filius
1123 2779 1143 2821 a
1170 2766 1261 2842 patre
1284 2756 1438 2822 salutatus

219 2853 311 2894 Msitl·
322 2838 500 2904 dimittito.
543 2839 753 2905 Pentecosten
775 2840 903 2905 Verane
934 2839 1083 2905 celebrat.
1135 2842 1163 2906 7.
1192 2839 1282 2928 Idus¹
1298 2841 1438 2926 Augusti

321 2945 395 2987 cum
417 2923 673 3010 frequentissimo
695 2924 919 3010 episcoporum
939 2923 1138 3011 aliorumque
1159 2925 1342 3010 principum
1365 2946 1438 2988 con-

319 3015 417 3072 ventu
438 3018 562 3094 patrem
584 3031 678 3072 suum
699 3009 789 3093 regio
811 3030 899 3072 more
923 3007 1016 3094 Spire
1038 3031 1072 3073 se
1096 3007 1160 3074 elit.

245 3103 309 3147 tob·
403 3091 442 3155 ln
456 3093 673 3178 assumptione
689 3103 817 3156 sanctae
831 3092 952 3156 Mariae
970 3090 1056 3178 apud
1107 3093 1268 3177 ogontiarn
1283 3091 1439 3157 Adelber·

201 3160 262 3213 ⁸²²⁸·
271 3163 309 3206 ¹⁶·
319 3184 380 3256 tus,
396 3176 538 3242 omnium
553 3175 812 3240 cancellariorum
827 3177 883 3262 qui
898 3187 971 3241 ante
986 3198 1060 3240 eum
1081 3175 1206 3240 fuerant
1220 3177 1253 3239 in
1267 3175 1340 3240 aula
1354 3177 1439 3261 regis

319 3257 558 3341 celeberrimus,
584 3269 732 3344 presente
760 3261 951 3345 imperatore
974 3270 1006 3324 et
1035 3262 1267 3341 consentiente,
1295 3260 1440 3324 unanimi

318 3340 493 3408 aecclesiae
521 3342 674 3408 electione
702 3343 910 3429 Mogontinus
938 3344 1199 3431 archiepiscopus
1227 3345 1441 3409 constituitur.

316 3425 481 3491 Palatinus
504 3449 610 3492 comes
633 3428 770 3492 Sifridus
794 3427 924 3509 solutus,
954 3429 1067 3493 honori
1089 3450 1148 3492 suo
1170 3429 1354 3493 restituitur.

402 3512 493 3576 1112.
536 3511 714 3598 Imperator
731 3511 835 3576 natale
850 3512 983 3576 Domini
998 3511 1165 3578 Goslariae
1180 3511 1329 3578 celebrat.
1365 3511 1438 3574 Dis-

317 3596 421 3659 sensio
436 3594 580 3681 Liutgeri
601 3604 632 3660 et
653 3594 845 3660 marchionis
861 3595 986 3660 Rbdolfi
1005 3618 1078 3660 curn
1100 3598 1302 3682 imperatore.
1344 3594 1438 3659 Unde
1532 3598 1534 3602 ’

339 3679 498 3766 rincipum
520 3680 674 3744 sententia
695 3681 821 3768 utrique
844 3681 1067 3767 dampnantur.
1109 3681 1256 3745 Ducatus
1272 3679 1383 3745 Ottoni
1397 3678 1437 3742 do

315 3701 500 3828 ballenstad
527 3764 751 3846 committitur,
780 3763 921 3828 marchia
941 3762 1102 3850 Elperico.
1152 3766 1330 3850 Imperator
1357 3760 1441 3828 Salt-

315 3845 429 3912 widelc
458 3847 598 3930 obsidct3
627 3849 690 3934 ipsi
711 3869 777 3912 non
804 3847 915 3996 longe,
943 3870 1016 3912 cum
1039 3850 1231 3936 imperatore
1257 3847 1439 3934 pugnaturi,

316 3953 391 3994 cum
422 3932 566 3996 exercitu
594 3941 732 3998 manent.
778 3931 842 3997 Sed
886 3931 976 3996 ellica
1002 3932 1132 3997 tandem
1158 3932 1247 3996 rabie
1275 3931 1441 4018 dissipata,

338 4015 451 4080 redicti
481 4017 641 4101 principes
668 4017 771 4102 gratia
799 4017 1000 4102 imperatoris
1022 4025 1163 4081 utuntur.
1248 4013 1440 4080 Adelbertus

351 4100 553 4183 ogonciensis
582 4098 702 4164 electus
729 4103 837 4185 regiae
867 4100 1031 4164 custodiae
1053 4101 1157 4163 manci
1181 4107 1263 4162 atur.

400 4184 491 4247 1113.
534 4183 746 4268 Reynhardus
780 4187 950 4270 episcopus
979 4183 1115 4249 Halvers
1173 4184 1257 4248 ensis
1287 4193 1320 4247 et
1348 4183 1440 4248 Wie-

403 4307 426 4362 a)
441 4309 540 4350 adducto
554 4307 588 4349 a?
