3156 4882
423 315 584 367 ANNALES
604 313 961 368 HILDESHEIMENSES.
1220 317 1252 365 1⁷

219 483 268 547 26.
302 481 394 544 Anno
428 481 606 546 dominicae
637 482 864 545 incarnationis
898 481 974 563 838,
1010 482 1126 567 regni
1157 503 1251 547 vero

35 623 40 632 .
135 564 340 629 Ludowiei
356 566 411 630 26.
427 566 541 629 iterum
557 565 733 628 coniuratio
745 564 834 650 apud
845 565 1252 630 FranconofortLudowici
1324 623 1329 632 .

135 649 323 730 iunioris3
346 658 378 713 et
399 669 588 713 conversum
610 658 658 712 est
678 670 713 712 re
758 671 813 710 um
835 647 876 711 ad
898 659 1021 732 patrem
1044 650 1121 713 eius.

218 732 268 798 27.
300 732 566 816 Imperatoris
593 753 687 794 anno
744 732 773 795 7.
800 742 915 796 ventus
944 733 1056 818 ingens
1084 735 1325 798 innumerales)

133 815 281 963 §edificila
302 815 467 896 subvertit,
489 825 522 880 et
541 813 640 878 multa
662 814 802 899 dampna
828 815 941 880 effecta
966 826 1041 880 sunt
1061 818 1095 879 in
1117 819 1146 882 6.
1169 816 1251 880 Non.

167 921 259 963 ovem
283 922 336 962 ns.
448 963 456 978 ,

218 984 269 1047 28.
292 983 363 1046 840.
386 981 579 1045 Ludowicus
594 982 767 1067 imperator
780 982 977 1068 insequendo
992 981 1092 1046 filium
1106 984 1194 1047 venit
1208 982 1250 1046 ad

134 1064 360 1130 Hcrolfesfeldt
375 1067 601 1129 monasterium
615 1067 650 1128 in
665 1067 695 1130 6.
709 1065 787 1130 Idus
802 1065 932 1150 Aprilis,
955 1068 1124 1152 statimque
1139 1067 1252 1131 eodem

123 1171 217 1228 ¹anno
240 1151 273 1212 in
298 1150 346 1212 12.
369 1147 440 1213 Kal.
464 1149 536 1212 Iulii
563 1148 656 1230 obiit,
683 1150 793 1233 regni
819 1149 1013 1213 videlicet
1039 1151 1169 1235 ipsius
1191 1151 1251 1231 28;

115 1229 185 1295 ''cui
207 1231 410 1314 Ludowicus,
433 1232 617 1314 filiuseius,
640 1233 802 1297 successit.
1288 1244 1291 1250 “

217 1316 311 1379 Anno
334 1315 513 1381 dominicae
534 1317 760 1402 incarnationis
782 1317 853 1398 841,
876 1319 987 1402 regni
1009 1339 1103 1382 vero
1125 1315 1252 1380 Ludo-

134 1399 226 1462 wici
248 1400 420 1462 iunioris
442 1402 472 1464 2.
494 1399 687 1464 Adalbertus
711 1422 818 1464 comes
841 1401 964 1464 occisus
987 1411 1051 1483 est3
1081 1409 1112 1464 et
1140 1399 1253 1464 infelix

134 1481 254 1546 bellum
275 1482 420 1547 Lotharii
441 1492 551 1547 contra
570 1483 684 1548 fratres
706 1506 781 1547 suos
803 1483 1012 1547 Ludowicum
1034 1495 1066 1549 et
1085 1482 1251 1548 Karolum.

217 1564 312 1630 Anno
335 1566 513 1631 dominicae
535 1568 762 1632 incarnationis
785 1569 856 1632 842.
878 1565 1046 1649 Rabanus,
1073 1566 1157 1632 abba
1177 1566 1279 1630 Ful-t
1295 1576 1340 1620 τῖ’·

134 1647 241 1713 densis
271 1649 431 1732 coenobii,
462 1649 616 1736 expulsus
647 1651 687 1715 de
716 1652 924 1732 monasterio,
954 1660 986 1716 et
1013 1650 1182 1716 Lotharius
1212 1649 1251 1714 de

133 1755 242 1817 regno,
265 1755 367 1798 anno
390 1733 599 1798 Ludowici
623 1784 630 1798 .
654 1784 661 1799 .
686 1744 725 1800 .³.

218 1817 289 1881 843.
318 1817 391 1882 Hoc
412 1839 495 1882 anno
517 1817 601 1882 facta
622 1829 670 1883 est
691 1840 758 1904 pax
779 1819 861 1882 inter
882 1817 1068 1882 Lotharium
1095 1826 1126 1882 et
1146 1816 1252 1880 Ludo·

133 1899 250 1963 wicum
273 1910 305 1964 et
325 1900 490 1983 Karolum‚
510 1901 623 1966 fratres
646 1923 730 1965 suos.

219 1984 290 2047 844.
319 1983 489 2047 Lotharius
515 2007 574 2048 rex
603 2006 677 2047 cum
707 1981 913 2047 orientalibus
942 1984 1075 2048 Francis
1103 1983 1190 2047 vonit
1218 1984 1252 2046 in

134 2064 314 2212 Splavialpnb
344 2075 376 2129 et
404 2088 512 2130 eorum
541 2089 650 2152 regem
678 2065 892 2131 Gestimulum
922 2067 1039 2131 occidit
1067 2076 1252 2152 ceterosque

123 2150 160 2213 'si
184 2149 195 2211 i
217 2171 254 2211 su
278 2171 295 2212 e
321 2150 352 2213 't
861 2187 868 2202 ·

216 2171 389 2296 8425.ngoe
416 2255 500 2297 anno
522 2232 671 2298 monachi
700 2234 740 2298 de
763 2232 991 2298 Herolfesfeldc
1020 2255 1093 2298 cum
1117 2233 1250 2318 Otgario

132 2315 285 2401 episcopo
315 2315 511 2382 reconciliati
541 2327 631 2400 sunt,
660 2327 692 2382 et
719 2317 831 2382 eodem
860 2339 943 2381 anno
972 2317 1165 2382 Ludowicus
1193 2317 1251 2380 im-

131 2409 281 2484 peratorc
301 2399 343 2464 ad
372 2400 456 2465 idem
483 2403 709 2466 monasterium
738 2402 826 2466 venit
851 2403 884 2463 in
906 2403 936 2466 2.
958 2400 1030 2465 Kal.
1058 2401 1250 2466 Novembris

130 2494 162 2548 et
183 2482 296 2568 privile
321 2485 351 2548 ‘a
373 2495 404 2549 et
425 2487 596 2550 munitates
614 2484 779 2549 monachis
794 2483 926 2548 donavit
940 2494 972 2548 et
986 2483 1089 2567 sigillo
1104 2485 1249 2548 munivit.

214 2567 286 2632 846.
336 2567 515 2648 udowicus,
536 2567 620 2630 filius
641 2568 822 2649 Ludowici,
844 2569 1041 2631 Pannoniam
1064 2567 1191 2651 subegit
1219 2576 1252 2630 et

131 2648 289 2713 Behemos
311 2650 442 2714 domum
464 2651 590 2715 rediens
612 2652 758 2715 vastavit.

216 2732 288 2796 847.
325 2733 426 2818 Otger
456 2734 716 2820 archiepiscopus
750 2735 844 2818 obiit;
880 2734 932 2797 cui
964 2733 1116 2798 Rabanus
1148 2731 1250 2797 abbas

131 2812 300 2880 Fuldensis
323 2819 483 2881 successit.

215 2900 285 2964 848.
308 2900 500 2965 Ludowicus
514 2902 601 2987 apud
615 2901 813 2986 Mogontiam
827 2900 936 2965 habito
952 2900 1088 2965 concilio
1103 2898 1248 2982 sinodali,

130 2982 238 3067 ibique
262 2982 479 3050 Godescalcus
501 2986 658 3050 hereticus
680 2986 845 3049 convictus
867 2993 899 3049 et
920 2985 1112 3070 dampnatus
1135 2994 1191 3048 est.

214 3067 285 3130 850.
308 3067 380 3132 Hoc
402 3091 484 3132 anno
506 3071 536 3132 5.
558 3068 631 3134 Kal.
654 3067 845 3132 Novembris
875 3067 1011 3133 ecclesia
1033 3067 1136 3132 sancti
1157 3067 1249 3164 wig-

130 3148 230 3247 bepti¹
255 3149 402 3216 dedicata
423 3161 471 3217 est
491 3174 511 3215 a
526 3153 659 3218 Rabano
681 3151 951 3237 Mogontiacensis
973 3151 1126 3216 ecclesiae
1149 3147 1249 3214 arcb1-

130 3254 239 3296 ersco
264 3256 293 3298 o.

149 3254 170 3317 p
214 3255 285 3380 867).
307 3317 499 3383 Ludowicus
519 3341 577 3383 rex
599 3339 673 3382 cum
687 3340 805 3404 magno
821 3317 965 3383 exercitu
979 3319 1120 3403 perrexit
1137 3325 1249 3382 contra

130 3398 300 3462 Ratzidum
321 3423 356 3465 re
380 3423 432 3464 em
449 3402 702 3484 Marahensium3
724 3411 756 3466 et
770 3400 883 3466 eodem
898 3422 982 3464 anno
998 3399 1130 3466 ccclesia
1146 3402 1247 3465 sancti

129 3479 251 3545 Kiliani
271 3483 304 3545 in
326 3424 510 3569 wirziburg
530 3484 716 3549 fulminibus
741 3496 855 3550 exusta
884 3494 940 3548 est.
990 3483 1159 3548 Lutharius
1188 3505 1246 3548 rex

128 3574 293 3629 tonsuram
314 3576 347 3632 et
367 3567 589 3631 monachicum
610 3567 754 3632 habiturn
777 3569 917 3653 suscepit
938 3568 1120 3631 moriturus.

212 3649 284 3714 856.
301 3651 452 3716 Rabanus
466 3649 727 3736 archiepiscopus
746 3650 841 3733 obiit3
864 3653 915 3714 cui
929 3650 1068 3716 Karolus
1084 3648 1245 3714 successit.
1256 3666 1272 3712 f.
1284 3667 1320 3712 aa

212 3733 285 3798 857.
312 3733 450 3798 Karolus
479 3733 566 3820 apud
587 3734 786 3819 Mogontiam
813 3755 965 3819 magnam
994 3732 1143 3798 sinodum
1173 3753 1246 3796 con·

131 3819 286 3903 gregavit.

190 3978 213 4032 ι)
228 3990 331 4022 nummu
346 3981 400 4022 deest
415 3993 436 4027 e.
503 3978 527 4032 b)
544 3981 626 4022 silvam
642 3991 703 4023 eor-r.
720 3980 812 4020 silviam
826 3990 845 4019 ο.
922 3975 943 4028 c)
959 3977 991 4016 ita
1006 3977 1069 4018 ettam
1085 3976 1144 4020 Ans.
1165 3977 1250 4028 Valeas

132 4049 175 4080 rex
190 4039 251 4080 Ana.
268 4041 343 4088 Queat.

207 4187 235 4254 l)
252 4190 456 4256 Herffeldemis.
1002 4269 1022 4334 2
