<?xml version="1.0" encoding="UTF-8"?>
<!DOCTYPE html PUBLIC "-//W3C//DTD XHTML 1.0 Transitional//EN"
    "http://www.w3.org/TR/xhtml1/DTD/xhtml1-transitional.dtd">
<html xmlns="http://www.w3.org/1999/xhtml" xml:lang="en" lang="en">
 <head>
  <title>
</title>
<meta http-equiv="Content-Type" content="text/html;charset=utf-8" />
  <meta name='ocr-system' content='tesseract 3.04.00' />
  <meta name='ocr-capabilities' content='ocr_page ocr_carea ocr_par ocr_line ocrx_word'/>
</head>
<body>
  <div class='ocr_page' id='page_1' title='image "./annaleshildeshe00waitgoog_0070.png"; bbox 0 0 3156 4882; ppageno 0'>
   <div class='ocr_carea' id='block_1_1' title="bbox 302 254 1132 308">
    <p class='ocr_par' dir='ltr' id='par_1_1' title="bbox 302 254 1132 308">
     <span class='ocr_line' id='line_1_1' title="bbox 302 254 1132 308; baseline -0.005 0"><span class='ocrx_word' id='word_1_1' title='bbox 302 258 336 308; x_wconf 73' lang='lat'>58</span> <span class='ocrx_word' id='word_1_2' title='bbox 587 255 751 308; x_wconf 82' lang='lat' dir='ltr'>ANNALES</span> <span class='ocrx_word' id='word_1_3' title='bbox 770 254 1132 308; x_wconf 81' lang='lat' dir='ltr'>HILDESHEIMENSES.</span> 
     </span>
    </p>
   </div>
   <div class='ocr_carea' id='block_1_2' title="bbox 300 421 1418 943">
    <p class='ocr_par' dir='ltr' id='par_1_2' title="bbox 300 421 1418 943">
     <span class='ocr_line' id='line_1_2' title="bbox 300 421 1418 511; baseline -0.002 -23"><span class='ocrx_word' id='word_1_4' title='bbox 300 434 424 506; x_wconf 89' lang='lat' dir='ltr'>nerunt,</span> <span class='ocrx_word' id='word_1_5' title='bbox 446 433 581 510; x_wconf 85' lang='lat' dir='ltr'>excepto</span> <span class='ocrx_word' id='word_1_6' title='bbox 604 424 686 487; x_wconf 91' lang='lat' dir='ltr'>duce</span> <span class='ocrx_word' id='word_1_7' title='bbox 707 422 875 506; x_wconf 91' lang='lat' dir='ltr'>Heinric0,</span> <span class='ocrx_word' id='word_1_8' title='bbox 904 423 958 511; x_wconf 91' lang='lat' dir='ltr'>qui</span> <span class='ocrx_word' id='word_1_9' title='bbox 984 423 1017 486; x_wconf 92' lang='lat' dir='ltr'>in</span> <span class='ocrx_word' id='word_1_10' title='bbox 1038 421 1211 488; x_wconf 81' lang='lat' dir='ltr'>rebellione</span> <span class='ocrx_word' id='word_1_11' title='bbox 1232 422 1418 507; x_wconf 80' lang='lat' dir='ltr'>permansit.</span> 
     </span>
     <span class='ocr_line' id='line_1_3' title="bbox 300 504 1416 594; baseline -0.004 -22"><span class='ocrx_word' id='word_1_12' title='bbox 300 509 361 572; x_wconf 86' lang='lat' dir='ltr'>His</span> <span class='ocrx_word' id='word_1_13' title='bbox 384 506 531 594; x_wconf 88' lang='lat' dir='ltr'>expletis,</span> <span class='ocrx_word' id='word_1_14' title='bbox 553 529 612 572; x_wconf 85' lang='lat' dir='ltr'>rex</span> <span class='ocrx_word' id='word_1_15' title='bbox 627 529 701 570; x_wconf 93' lang='lat' dir='ltr'>cum</span> <span class='ocrx_word' id='word_1_16' title='bbox 722 510 1068 592; x_wconf 25' lang='lat' dir='ltr'>magnaflirareyersus</span> <span class='ocrx_word' id='word_1_17' title='bbox 1078 517 1132 590; x_wconf 67' lang='lat' dir='ltr'>est</span> <span class='ocrx_word' id='word_1_18' title='bbox 1146 504 1322 588; x_wconf 76' lang='lat' dir='ltr'>Coloniam,</span> <span class='ocrx_word' id='word_1_19' title='bbox 1344 527 1416 591; x_wconf 91' lang='lat' dir='ltr'>pre-</span> 
     </span>
     <span class='ocr_line' id='line_1_4' title="bbox 301 584 1415 692; baseline -0.004 -34"><span class='ocrx_word' id='word_1_20' title='bbox 301 593 448 692; x_wconf 80' lang='lat' dir='ltr'>cepitque</span> <span class='ocrx_word' id='word_1_21' title='bbox 480 614 539 678; x_wconf 92' lang='lat' dir='ltr'>per</span> <span class='ocrx_word' id='word_1_22' title='bbox 567 613 676 656; x_wconf 89' lang='lat' dir='ltr'>omnes</span> <span class='ocrx_word' id='word_1_23' title='bbox 710 591 853 656; x_wconf 86' lang='lat' dir='ltr'>civitates</span> <span class='ocrx_word' id='word_1_24' title='bbox 881 592 994 656; x_wconf 72' lang='lat' dir='ltr'>Renoa</span> <span class='ocrx_word' id='word_1_25' title='bbox 1015 584 1415 675; x_wconf 58' lang='lat' dir='ltr'>adiacenfe‘s‘congregare</span> 
     </span>
     <span class='ocr_line' id='line_1_5' title="bbox 301 674 1417 760; baseline -0.005 -18"><span class='ocrx_word' id='word_1_26' title='bbox 301 686 488 760; x_wconf 79' lang='lat' dir='ltr'>exercitum,</span> <span class='ocrx_word' id='word_1_27' title='bbox 509 685 546 741; x_wconf 91' lang='lat' dir='ltr'>ut</span> <span class='ocrx_word' id='word_1_28' title='bbox 566 676 628 740; x_wconf 85' lang='lat' dir='ltr'>sibi</span> <span class='ocrx_word' id='word_1_29' title='bbox 649 675 683 738; x_wconf 92' lang='lat' dir='ltr'>in</span> <span class='ocrx_word' id='word_1_30' title='bbox 696 675 891 740; x_wconf 89' lang='lat' dir='ltr'>adiutorium</span> <span class='ocrx_word' id='word_1_31' title='bbox 911 675 1040 760; x_wconf 87' lang='lat' dir='ltr'>navigio</span> <span class='ocrx_word' id='word_1_32' title='bbox 1060 675 1213 757; x_wconf 85' lang='lat' dir='ltr'>venirent,</span> <span class='ocrx_word' id='word_1_33' title='bbox 1235 683 1271 738; x_wconf 93' lang='lat' dir='ltr'>ut</span> <span class='ocrx_word' id='word_1_34' title='bbox 1293 696 1326 738; x_wconf 90' lang='lat' dir='ltr'>se</span> <span class='ocrx_word' id='word_1_35' title='bbox 1348 674 1417 738; x_wconf 92' lang='lat' dir='ltr'>vin-</span> 
     </span>
     <span class='ocr_line' id='line_1_6' title="bbox 302 758 1416 843; baseline -0.004 -19"><span class='ocrx_word' id='word_1_36' title='bbox 302 759 423 826; x_wconf 83' lang='lat' dir='ltr'>dicaret</span> <span class='ocrx_word' id='word_1_37' title='bbox 443 761 477 824; x_wconf 93' lang='lat' dir='ltr'>in</span> <span class='ocrx_word' id='word_1_38' title='bbox 499 761 554 826; x_wconf 90' lang='lat' dir='ltr'>eis.</span> <span class='ocrx_word' id='word_1_39' title='bbox 588 758 878 834; x_wconf 64' lang='lat' dir='ltr'>Colonienseshoc</span> <span class='ocrx_word' id='word_1_40' title='bbox 900 758 1074 841; x_wconf 84' lang='lat' dir='ltr'>audientes,</span> <span class='ocrx_word' id='word_1_41' title='bbox 1095 759 1190 822; x_wconf 91' lang='lat' dir='ltr'>nimis</span> <span class='ocrx_word' id='word_1_42' title='bbox 1212 758 1286 822; x_wconf 90' lang='lat' dir='ltr'>inde</span> <span class='ocrx_word' id='word_1_43' title='bbox 1309 767 1416 843; x_wconf 89' lang='lat' dir='ltr'>stupe-</span> 
     </span>
     <span class='ocr_line' id='line_1_7' title="bbox 300 840 1416 943; baseline -0.004 -35"><span class='ocrx_word' id='word_1_44' title='bbox 300 844 378 910; x_wconf 78' lang='lat' dir='ltr'>facti</span> <span class='ocrx_word' id='word_1_45' title='bbox 404 853 436 910; x_wconf 90' lang='lat' dir='ltr'>et</span> <span class='ocrx_word' id='word_1_46' title='bbox 462 844 621 930; x_wconf 85' lang='lat' dir='ltr'>perterriti</span> <span class='ocrx_word' id='word_1_47' title='bbox 648 853 681 908; x_wconf 91' lang='lat' dir='ltr'>et</span> <span class='ocrx_word' id='word_1_48' title='bbox 705 843 848 943; x_wconf 81' lang='lat' dir='ltr'>undique</span> <span class='ocrx_word' id='word_1_49' title='bbox 869 845 910 909; x_wconf 91' lang='lat' dir='ltr'>ab</span> <span class='ocrx_word' id='word_1_50' title='bbox 931 843 1069 942; x_wconf 78' lang='lat' dir='ltr'>inimicis</span> <span class='ocrx_word' id='word_1_51' title='bbox 1090 841 1200 907; x_wconf 85' lang='lat' dir='ltr'>vallati</span> <span class='ocrx_word' id='word_1_52' title='bbox 1222 852 1254 906; x_wconf 90' lang='lat' dir='ltr'>et</span> <span class='ocrx_word' id='word_1_53' title='bbox 1275 843 1308 905; x_wconf 92' lang='lat' dir='ltr'>in</span> <span class='ocrx_word' id='word_1_54' title='bbox 1329 840 1416 905; x_wconf 93' lang='lat' dir='ltr'>nullo</span> 
     </span>
    </p>
   </div>
   <div class='ocr_carea' id='block_1_3' title="bbox 301 923 1417 1099">
    <p class='ocr_par' dir='ltr' id='par_1_3' title="bbox 301 923 1417 1099">
     <span class='ocr_line' id='line_1_8' title="bbox 302 923 1417 1076; baseline -0.004 -83"><span class='ocrx_word' id='word_1_55' title='bbox 302 951 392 1014; x_wconf 85' lang='lat' dir='ltr'>spem</span> <span class='ocrx_word' id='word_1_56' title='bbox 413 927 580 1011; x_wconf 83' lang='lat' dir='ltr'>habentes,</span> <span class='ocrx_word' id='word_1_57' title='bbox 603 926 1272 1076; x_wconf 62' lang='lat' dir='ltr'>pumnuagrnamoshnihs</span> <span class='ocrx_word' id='word_1_58' title='bbox 1298 923 1417 990; x_wconf 90' lang='lat' dir='ltr'>thalen-</span> 
     </span>
     <span class='ocr_line' id='line_1_9' title="bbox 301 1009 1417 1099; baseline -0.004 -22"><span class='ocrx_word' id='word_1_59' title='bbox 301 1023 405 1077; x_wconf 84' lang='lat' dir='ltr'>torum</span> <span class='ocrx_word' id='word_1_60' title='bbox 427 1013 559 1099; x_wconf 85' lang='lat' dir='ltr'>argenti.</span> <span class='ocrx_word' id='word_1_61' title='bbox 632 1033 674 1076; x_wconf 88' lang='lat' dir='ltr'>ex</span> <span class='ocrx_word' id='word_1_62' title='bbox 695 1034 786 1095; x_wconf 79' lang='lat' dir='ltr'>vero,</span> <span class='ocrx_word' id='word_1_63' title='bbox 817 1010 926 1076; x_wconf 89' lang='lat' dir='ltr'>dolens</span> <span class='ocrx_word' id='word_1_64' title='bbox 949 1011 1036 1097; x_wconf 93' lang='lat' dir='ltr'>quod</span> <span class='ocrx_word' id='word_1_65' title='bbox 1056 1009 1147 1074; x_wconf 88' lang='lat' dir='ltr'>multi</span> <span class='ocrx_word' id='word_1_66' title='bbox 1169 1010 1359 1075; x_wconf 80' lang='lat' dir='ltr'>cecidissent</span> <span class='ocrx_word' id='word_1_67' title='bbox 1383 1010 1417 1073; x_wconf 91' lang='lat' dir='ltr'>in</span> 
     </span>
    </p>
   </div>
   <div class='ocr_carea' id='block_1_4' title="bbox 122 1093 1421 3366">
    <p class='ocr_par' dir='ltr' id='par_1_4' title="bbox 122 1093 1421 3366">
     <span class='ocr_line' id='line_1_10' title="bbox 303 1093 1416 1180; baseline -0.004 -19"><span class='ocrx_word' id='word_1_68' title='bbox 303 1095 478 1178; x_wconf 87' lang='lat' dir='ltr'>obsidione,</span> <span class='ocrx_word' id='word_1_69' title='bbox 501 1096 556 1161; x_wconf 91' lang='lat' dir='ltr'>diu</span> <span class='ocrx_word' id='word_1_70' title='bbox 577 1096 761 1180; x_wconf 75' lang='lat' dir='ltr'>denegavit,</span> <span class='ocrx_word' id='word_1_71' title='bbox 789 1095 919 1162; x_wconf 87' lang='lat' dir='ltr'>tandem</span> <span class='ocrx_word' id='word_1_72' title='bbox 939 1095 1012 1159; x_wconf 91' lang='lat' dir='ltr'>Deo</span> <span class='ocrx_word' id='word_1_73' title='bbox 1039 1095 1215 1180; x_wconf 86' lang='lat' dir='ltr'>inspirante</span> <span class='ocrx_word' id='word_1_74' title='bbox 1243 1093 1416 1174; x_wconf 82' lang='lat' dir='ltr'>concessit3</span> 
     </span>
     <span class='ocr_line' id='line_1_11' title="bbox 302 1177 1418 1267; baseline -0.004 -23"><span class='ocrx_word' id='word_1_75' title='bbox 302 1189 333 1244; x_wconf 88' lang='lat' dir='ltr'>ct</span> <span class='ocrx_word' id='word_1_76' title='bbox 355 1182 401 1245; x_wconf 91' lang='lat' dir='ltr'>sic</span> <span class='ocrx_word' id='word_1_77' title='bbox 422 1182 581 1247; x_wconf 86' lang='lat' dir='ltr'>exercitus</span> <span class='ocrx_word' id='word_1_78' title='bbox 604 1179 747 1262; x_wconf 89' lang='lat' dir='ltr'>elabitur,</span> <span class='ocrx_word' id='word_1_79' title='bbox 771 1189 802 1244; x_wconf 91' lang='lat' dir='ltr'>et</span> <span class='ocrx_word' id='word_1_80' title='bbox 818 1181 1040 1267; x_wconf 90' lang='lat' dir='ltr'>unusquisque</span> <span class='ocrx_word' id='word_1_81' title='bbox 1054 1201 1129 1243; x_wconf 91' lang='lat' dir='ltr'>cum</span> <span class='ocrx_word' id='word_1_82' title='bbox 1143 1178 1261 1263; x_wconf 88' lang='lat' dir='ltr'>gaudio</span> <span class='ocrx_word' id='word_1_83' title='bbox 1283 1177 1323 1242; x_wconf 91' lang='lat' dir='ltr'>ad</span> <span class='ocrx_word' id='word_1_84' title='bbox 1344 1198 1418 1264; x_wconf 93' lang='lat' dir='ltr'>pro-</span> 
     </span>
     <span class='ocr_line' id='line_1_12' title="bbox 302 1266 572 1351; baseline 0.004 -23"><span class='ocrx_word' id='word_1_85' title='bbox 302 1266 373 1351; x_wconf 88' lang='lat' dir='ltr'>pria</span> <span class='ocrx_word' id='word_1_86' title='bbox 393 1266 572 1330; x_wconf 85' lang='lat' dir='ltr'>revertitur.</span> 
     </span>
     <span class='ocr_line' id='line_1_13' title="bbox 386 1343 1418 1433; baseline -0.003 -20"><span class='ocrx_word' id='word_1_87' title='bbox 386 1349 457 1413; x_wconf 87' lang='lat' dir='ltr'>Ind.</span> <span class='ocrx_word' id='word_1_88' title='bbox 483 1351 530 1432; x_wconf 84' lang='lat'>14,</span> <span class='ocrx_word' id='word_1_89' title='bbox 556 1347 645 1413; x_wconf 84' lang='grc'><strong>1107.</strong></span> <span class='ocrx_word' id='word_1_90' title='bbox 688 1346 779 1412; x_wconf 77' lang='lat' dir='ltr'>Reah</span> <span class='ocrx_word' id='word_1_91' title='bbox 795 1347 983 1412; x_wconf 67' lang='lat' dir='ltr'>Heinrieus‘⁵</span> <span class='ocrx_word' id='word_1_92' title='bbox 998 1348 1126 1414; x_wconf 85' lang='lat' dir='ltr'>obviam</span> <span class='ocrx_word' id='word_1_93' title='bbox 1141 1367 1246 1433; x_wconf 89' lang='lat' dir='ltr'>papae</span> <span class='ocrx_word' id='word_1_94' title='bbox 1260 1343 1418 1430; x_wconf 86' lang='lat' dir='ltr'>Radispo·</span> 
     </span>
     <span class='ocr_line' id='line_1_14' title="bbox 302 1429 1418 1518; baseline -0.004 -22"><span class='ocrx_word' id='word_1_95' title='bbox 302 1455 377 1497; x_wconf 91' lang='lat' dir='ltr'>nam</span> <span class='ocrx_word' id='word_1_96' title='bbox 398 1434 495 1515; x_wconf 85' lang='lat' dir='ltr'>venit,</span> <span class='ocrx_word' id='word_1_97' title='bbox 518 1432 575 1497; x_wconf 85' lang='lat' dir='ltr'>sed</span> <span class='ocrx_word' id='word_1_98' title='bbox 596 1452 681 1518; x_wconf 89' lang='lat' dir='ltr'>papa</span> <span class='ocrx_word' id='word_1_99' title='bbox 701 1453 767 1495; x_wconf 92' lang='lat' dir='ltr'>non</span> <span class='ocrx_word' id='word_1_100' title='bbox 787 1433 949 1513; x_wconf 88' lang='lat' dir='ltr'>veniente,</span> <span class='ocrx_word' id='word_1_101' title='bbox 978 1431 1099 1497; x_wconf 86' lang='lat' dir='ltr'>ibidem</span> <span class='ocrx_word' id='word_1_102' title='bbox 1125 1429 1262 1494; x_wconf 90' lang='lat' dir='ltr'>natalem</span> <span class='ocrx_word' id='word_1_103' title='bbox 1284 1429 1418 1494; x_wconf 91' lang='lat' dir='ltr'>Domini</span> 
     </span>
     <span class='ocr_line' id='line_1_15' title="bbox 192 1512 1417 1600; baseline -0.007 -14"><span class='ocrx_word' id='word_1_104' title='bbox 192 1534 249 1586; x_wconf 69' lang='lat' dir='ltr'>Arr-</span> <span class='ocrx_word' id='word_1_105' title='bbox 259 1535 294 1575; x_wconf 72' lang='lat'>14·</span> <span class='ocrx_word' id='word_1_106' title='bbox 304 1515 486 1600; x_wconf 75' lang='lat' dir='ltr'>celebravit.</span> <span class='ocrx_word' id='word_1_107' title='bbox 529 1516 654 1581; x_wconf 83' lang='lat' dir='ltr'>Pascha</span> <span class='ocrx_word' id='word_1_108' title='bbox 675 1537 753 1579; x_wconf 92' lang='lat' dir='ltr'>vero</span> <span class='ocrx_word' id='word_1_109' title='bbox 775 1516 830 1579; x_wconf 92' lang='lat' dir='ltr'>Mo</span> <span class='ocrx_word' id='word_1_110' title='bbox 854 1516 965 1580; x_wconf 91' lang='lat' dir='ltr'>onciae</span> <span class='ocrx_word' id='word_1_111' title='bbox 987 1515 1173 1600; x_wconf 72' lang='lat' dir='ltr'>celebravit,</span> <span class='ocrx_word' id='word_1_112' title='bbox 1203 1513 1341 1600; x_wconf 87' lang='lat' dir='ltr'>indeque</span> <span class='ocrx_word' id='word_1_113' title='bbox 1363 1512 1417 1578; x_wconf 94' lang='lat' dir='ltr'>ob-</span> 
     </span>
     <span class='ocr_line' id='line_1_16' title="bbox 302 1539 1420 1698; baseline -0.004 -34"><span class='ocrx_word' id='word_1_114' title='bbox 302 1602 387 1665; x_wconf 83' lang='lat' dir='ltr'>viarn</span> <span class='ocrx_word' id='word_1_115' title='bbox 416 1622 520 1687; x_wconf 89' lang='lat' dir='ltr'>papae</span> <span class='ocrx_word' id='word_1_116' title='bbox 548 1601 582 1664; x_wconf 91' lang='lat' dir='ltr'>in</span> <span class='ocrx_word' id='word_1_117' title='bbox 610 1599 748 1664; x_wconf 90' lang='lat' dir='ltr'>confinio</span> <span class='ocrx_word' id='word_1_118' title='bbox 774 1539 1000 1698; x_wconf 66' lang='lat' dir='ltr'>Lotharingiae</span> <span class='ocrx_word' id='word_1_119' title='bbox 1027 1608 1058 1664; x_wconf 89' lang='lat' dir='ltr'>et</span> <span class='ocrx_word' id='word_1_120' title='bbox 1084 1599 1254 1681; x_wconf 81' lang='lat' dir='ltr'>Franciae3</span> <span class='ocrx_word' id='word_1_121' title='bbox 1281 1619 1340 1684; x_wconf 91' lang='lat' dir='ltr'>per</span> <span class='ocrx_word' id='word_1_122' title='bbox 1365 1597 1420 1660; x_wconf 92' lang='lat' dir='ltr'>tri-</span> 
     </span>
     <span class='ocr_line' id='line_1_17' title="bbox 303 1682 1419 1784; baseline -0.004 -34"><span class='ocrx_word' id='word_1_123' title='bbox 303 1685 465 1784; x_wconf 73' lang='lat' dir='ltr'>duumque</span> <span class='ocrx_word' id='word_1_124' title='bbox 487 1682 599 1769; x_wconf 86' lang='lat' dir='ltr'>legatis</span> <span class='ocrx_word' id='word_1_125' title='bbox 620 1684 761 1748; x_wconf 90' lang='lat' dir='ltr'>invicem</span> <span class='ocrx_word' id='word_1_126' title='bbox 783 1685 901 1765; x_wconf 88' lang='lat' dir='ltr'>missis,</span> <span class='ocrx_word' id='word_1_127' title='bbox 930 1682 1061 1765; x_wconf 88' lang='lat' dir='ltr'>rnfccto,</span> <span class='ocrx_word' id='word_1_128' title='bbox 1089 1704 1148 1769; x_wconf 90' lang='lat' dir='ltr'>pro</span> <span class='ocrx_word' id='word_1_129' title='bbox 1170 1705 1234 1769; x_wconf 92' lang='lat' dir='ltr'>quo</span> <span class='ocrx_word' id='word_1_130' title='bbox 1256 1690 1419 1762; x_wconf 90' lang='lat' dir='ltr'>venerant,</span> 
     </span>
     <span class='ocr_line' id='line_1_18' title="bbox 122 1763 1418 1854; baseline -0.002 -24"><span class='ocrx_word' id='word_1_131' title='bbox 122 1793 127 1803; x_wconf 95' lang='lat'><em>·</em></span> <span class='ocrx_word' id='word_1_132' title='bbox 212 1787 265 1830; x_wconf 73' lang='lat' dir='ltr'>nn</span> <span class='ocrx_word' id='word_1_133' title='bbox 273 1788 294 1826; x_wconf 79' lang='lat' dir='ltr'>a.</span> <span class='ocrx_word' id='word_1_134' title='bbox 303 1789 448 1853; x_wconf 82' lang='lat' dir='ltr'>negocio,</span> <span class='ocrx_word' id='word_1_135' title='bbox 463 1768 713 1851; x_wconf 72' lang='lat' dir='ltr'>discesserunt⁶3</span> <span class='ocrx_word' id='word_1_136' title='bbox 736 1777 768 1833; x_wconf 93' lang='lat' dir='ltr'>et</span> <span class='ocrx_word' id='word_1_137' title='bbox 781 1790 840 1832; x_wconf 84' lang='lat' dir='ltr'>rex</span> <span class='ocrx_word' id='word_1_138' title='bbox 854 1767 961 1832; x_wconf 90' lang='lat' dir='ltr'>Mettis</span> <span class='ocrx_word' id='word_1_139' title='bbox 976 1770 1011 1832; x_wconf 92' lang='lat' dir='ltr'>in</span> <span class='ocrx_word' id='word_1_140' title='bbox 1028 1775 1212 1854; x_wconf 90' lang='lat' dir='ltr'>pentecoste</span> <span class='ocrx_word' id='word_1_141' title='bbox 1234 1767 1302 1830; x_wconf 87' lang='lat' dir='ltr'>fuit.</span> <span class='ocrx_word' id='word_1_142' title='bbox 1338 1763 1418 1830; x_wconf 92' lang='lat' dir='ltr'>Inde</span> 
     </span>
     <span class='ocr_line' id='line_1_19' title="bbox 305 1848 1416 1936; baseline -0.005 -18"><span class='ocrx_word' id='word_1_143' title='bbox 305 1851 478 1918; x_wconf 84' lang='lat' dir='ltr'>Saxoniam</span> <span class='ocrx_word' id='word_1_144' title='bbox 492 1852 633 1934; x_wconf 90' lang='lat' dir='ltr'>veniens,</span> <span class='ocrx_word' id='word_1_145' title='bbox 655 1852 777 1917; x_wconf 91' lang='lat' dir='ltr'>invenit</span> <span class='ocrx_word' id='word_1_146' title='bbox 797 1850 843 1916; x_wconf 92' lang='lat' dir='ltr'>ibi</span> <span class='ocrx_word' id='word_1_147' title='bbox 858 1851 972 1916; x_wconf 91' lang='lat' dir='ltr'>ducem</span> <span class='ocrx_word' id='word_1_148' title='bbox 987 1852 1139 1917; x_wconf 91' lang='lat' dir='ltr'>Boemiae</span> <span class='ocrx_word' id='word_1_149' title='bbox 1153 1851 1258 1936; x_wconf 87' lang='lat' dir='ltr'>patria</span> <span class='ocrx_word' id='word_1_150' title='bbox 1303 1848 1416 1930; x_wconf 87' lang='lat' dir='ltr'>ulsnm,</span> 
     </span>
     <span class='ocr_line' id='line_1_20' title="bbox 326 1873 1417 2020; baseline -0.003 -20"><span class='ocrx_word' id='word_1_151' title='bbox 326 1959 401 2002; x_wconf 91' lang='lat' dir='ltr'>uem</span> <span class='ocrx_word' id='word_1_152' title='bbox 429 1935 540 2001; x_wconf 87' lang='lat' dir='ltr'>reduci</span> <span class='ocrx_word' id='word_1_153' title='bbox 572 1936 664 2000; x_wconf 88' lang='lat' dir='ltr'>iussit</span> <span class='ocrx_word' id='word_1_154' title='bbox 690 1937 723 2000; x_wconf 93' lang='lat' dir='ltr'>in</span> <span class='ocrx_word' id='word_1_155' title='bbox 756 1936 907 2000; x_wconf 89' lang='lat' dir='ltr'>ducatum</span> <span class='ocrx_word' id='word_1_156' title='bbox 940 1958 998 2020; x_wconf 91' lang='lat' dir='ltr'>per</span> <span class='ocrx_word' id='word_1_157' title='bbox 1030 1936 1179 2000; x_wconf 91' lang='lat' dir='ltr'>comitem</span> <span class='ocrx_word' id='word_1_158' title='bbox 1206 1873 1417 1999; x_wconf 77' lang='lat' dir='ltr'>Wichertum.</span> 
     </span>
     <span class='ocr_line' id='line_1_21' title="bbox 305 1959 1419 2103; baseline -0.003 -18"><span class='ocrx_word' id='word_1_159' title='bbox 305 1959 504 2103; x_wconf 69' lang='lat' dir='ltr'>hisdiebus,</span> <span class='ocrx_word' id='word_1_160' title='bbox 526 2042 601 2084; x_wconf 90' lang='lat' dir='ltr'>cum</span> <span class='ocrx_word' id='word_1_161' title='bbox 614 2042 674 2084; x_wconf 85' lang='lat' dir='ltr'>rex</span> <span class='ocrx_word' id='word_1_162' title='bbox 689 2030 773 2085; x_wconf 90' lang='lat' dir='ltr'>esset</span> <span class='ocrx_word' id='word_1_163' title='bbox 788 2019 964 2102; x_wconf 83' lang='lat' dir='ltr'>Goslariae,</span> <span class='ocrx_word' id='word_1_164' title='bbox 986 2021 1175 2085; x_wconf 76' lang='lat' dir='ltr'>tonitruum⁰</span> <span class='ocrx_word' id='word_1_165' title='bbox 1197 2041 1272 2082; x_wconf 92' lang='lat' dir='ltr'>cum</span> <span class='ocrx_word' id='word_1_166' title='bbox 1292 2017 1419 2102; x_wconf 86' lang='lat' dir='ltr'>fragore</span> 
     </span>
     <span class='ocr_line' id='line_1_22' title="bbox 232 2101 1417 2201; baseline -0.003 -31"><span class='ocrx_word' id='word_1_167' title='bbox 232 2105 419 2191; x_wconf 74' lang='lat' dir='ltr'>¹·⁶⁷-supe1·s</span> <span class='ocrx_word' id='word_1_168' title='bbox 441 2127 513 2171; x_wconf 92' lang='lat' dir='ltr'>eum</span> <span class='ocrx_word' id='word_1_169' title='bbox 536 2103 745 2169; x_wconf 87' lang='lat' dir='ltr'>dormientem</span> <span class='ocrx_word' id='word_1_170' title='bbox 766 2105 908 2186; x_wconf 90' lang='lat' dir='ltr'>veniens,</span> <span class='ocrx_word' id='word_1_171' title='bbox 930 2114 1024 2169; x_wconf 90' lang='lat' dir='ltr'>nocte</span> <span class='ocrx_word' id='word_1_172' title='bbox 1046 2103 1220 2169; x_wconf 87' lang='lat' dir='ltr'>excitatum</span> <span class='ocrx_word' id='word_1_173' title='bbox 1240 2101 1417 2201; x_wconf 82' lang='lat' dir='ltr'>perterruit,</span> 
     </span>
     <span class='ocr_line' id='line_1_23' title="bbox 304 2186 1420 2274; baseline -0.004 -20"><span class='ocrx_word' id='word_1_174' title='bbox 304 2189 487 2274; x_wconf 90' lang='lat' dir='ltr'>fulmenque</span> <span class='ocrx_word' id='word_1_175' title='bbox 515 2197 659 2252; x_wconf 87' lang='lat' dir='ltr'>secutum</span> <span class='ocrx_word' id='word_1_176' title='bbox 687 2187 859 2252; x_wconf 90' lang='lat' dir='ltr'>umbonem</span> <span class='ocrx_word' id='word_1_177' title='bbox 890 2187 985 2273; x_wconf 90' lang='lat' dir='ltr'>clipei</span> <span class='ocrx_word' id='word_1_178' title='bbox 1006 2187 1047 2252; x_wconf 88' lang='lat' dir='ltr'>ad</span> <span class='ocrx_word' id='word_1_179' title='bbox 1069 2197 1167 2273; x_wconf 92' lang='lat' dir='ltr'>caput</span> <span class='ocrx_word' id='word_1_180' title='bbox 1193 2189 1293 2273; x_wconf 78' lang='lat' dir='ltr'>ipsius</span> <span class='ocrx_word' id='word_1_181' title='bbox 1322 2186 1420 2271; x_wconf 91' lang='lat' dir='ltr'>positi</span> 
     </span>
     <span class='ocr_line' id='line_1_24' title="bbox 302 2269 1418 2374; baseline -0.005 -35"><span class='ocrx_word' id='word_1_182' title='bbox 302 2283 491 2374; x_wconf 87' lang='lat' dir='ltr'>partemque</span> <span class='ocrx_word' id='word_1_183' title='bbox 523 2269 621 2356; x_wconf 85' lang='lat' dir='ltr'>gladii</span> <span class='ocrx_word' id='word_1_184' title='bbox 649 2273 741 2337; x_wconf 86' lang='lat' dir='ltr'>iuxta</span> <span class='ocrx_word' id='word_1_185' title='bbox 772 2271 855 2336; x_wconf 88' lang='lat' dir='ltr'>latus</span> <span class='ocrx_word' id='word_1_186' title='bbox 884 2274 952 2336; x_wconf 86' lang='lat' dir='ltr'>eius</span> <span class='ocrx_word' id='word_1_187' title='bbox 981 2273 1116 2336; x_wconf 90' lang='lat' dir='ltr'>iacentis</span> <span class='ocrx_word' id='word_1_188' title='bbox 1144 2270 1314 2358; x_wconf 86' lang='lat' dir='ltr'>liquifecit,</span> <span class='ocrx_word' id='word_1_189' title='bbox 1348 2271 1418 2356; x_wconf 90' lang='lat' dir='ltr'>ipso</span> 
     </span>
     <span class='ocr_line' id='line_1_25' title="bbox 207 2355 1421 2443; baseline -0.003 -21"><span class='ocrx_word' id='word_1_190' title='bbox 207 2357 391 2422; x_wconf 73' lang='lat' dir='ltr'>nov.1.1lleso</span> <span class='ocrx_word' id='word_1_191' title='bbox 413 2364 629 2443; x_wconf 86' lang='lat' dir='ltr'>permanente.</span> <span class='ocrx_word' id='word_1_192' title='bbox 672 2355 799 2420; x_wconf 90' lang='lat' dir='ltr'>Deinde</span> <span class='ocrx_word' id='word_1_193' title='bbox 815 2357 899 2419; x_wconf 88' lang='lat' dir='ltr'>circa</span> <span class='ocrx_word' id='word_1_194' title='bbox 913 2356 1117 2422; x_wconf 87' lang='lat' dir='ltr'>festivitatem</span> <span class='ocrx_word' id='word_1_195' title='bbox 1133 2357 1274 2420; x_wconf 90' lang='lat' dir='ltr'>omnium</span> <span class='ocrx_word' id='word_1_196' title='bbox 1298 2363 1421 2418; x_wconf 90' lang='lat' dir='ltr'>sancto-</span> 
     </span>
     <span class='ocr_line' id='line_1_26' title="bbox 302 2436 1419 2526; baseline -0.005 -20"><span class='ocrx_word' id='word_1_197' title='bbox 302 2465 374 2507; x_wconf 91' lang='lat' dir='ltr'>rum</span> <span class='ocrx_word' id='word_1_198' title='bbox 390 2463 463 2505; x_wconf 90' lang='lat' dir='ltr'>cum</span> <span class='ocrx_word' id='word_1_199' title='bbox 478 2441 621 2505; x_wconf 89' lang='lat' dir='ltr'>exercitu</span> <span class='ocrx_word' id='word_1_200' title='bbox 635 2438 819 2504; x_wconf 85' lang='lat' dir='ltr'>Flandn&#39;am</span> <span class='ocrx_word' id='word_1_201' title='bbox 834 2440 936 2526; x_wconf 90' lang='lat' dir='ltr'>petiit,</span> <span class='ocrx_word' id='word_1_202' title='bbox 958 2450 990 2505; x_wconf 92' lang='lat' dir='ltr'>et</span> <span class='ocrx_word' id='word_1_203' title='bbox 1007 2449 1101 2525; x_wconf 89' lang='lat' dir='ltr'>pacto</span> <span class='ocrx_word' id='word_1_204' title='bbox 1117 2461 1189 2504; x_wconf 90' lang='lat' dir='ltr'>cum</span> <span class='ocrx_word' id='word_1_205' title='bbox 1205 2439 1320 2504; x_wconf 88' lang='lat' dir='ltr'>comite</span> <span class='ocrx_word' id='word_1_206' title='bbox 1334 2436 1419 2501; x_wconf 92' lang='lat' dir='ltr'>illius</span> 
     </span>
     <span class='ocr_line' id='line_1_27' title="bbox 303 2522 1329 2672; baseline -0.004 -82"><span class='ocrx_word' id='word_1_207' title='bbox 303 2526 481 2613; x_wconf 87' lang='lat' dir='ltr'>provintiae</span> <span class='ocrx_word' id='word_1_208' title='bbox 502 2523 642 2610; x_wconf 82' lang='lat' dir='ltr'>Rbperto</span> <span class='ocrx_word' id='word_1_209' title='bbox 665 2525 862 2606; x_wconf 88' lang='lat' dir='ltr'>confirmato,</span> <span class='ocrx_word' id='word_1_210' title='bbox 884 2523 1080 2610; x_wconf 76' lang='lat' dir='ltr'>Aquistrrani</span> <span class='ocrx_word' id='word_1_211' title='bbox 1101 2525 1198 2606; x_wconf 90' lang='lat' dir='ltr'>venit,</span> <span class='ocrx_word' id='word_1_212' title='bbox 1220 2522 1329 2672; x_wconf 44' lang='lat' dir='ltr'>ibirplre</span> 
     </span>
     <span class='ocr_line' id='line_1_28' title="bbox 386 2605 1419 2692; baseline -0.004 -19"><span class='ocrx_word' id='word_1_213' title='bbox 386 2609 452 2673; x_wconf 92' lang='lat' dir='ltr'>ind.</span> <span class='ocrx_word' id='word_1_214' title='bbox 466 2609 514 2691; x_wconf 82' lang='lat'>15,</span> <span class='ocrx_word' id='word_1_215' title='bbox 532 2609 622 2674; x_wconf 83' lang='lat'>1108.</span> <span class='ocrx_word' id='word_1_216' title='bbox 637 2608 775 2674; x_wconf 88' lang='lat' dir='ltr'>natalem</span> <span class='ocrx_word' id='word_1_217' title='bbox 787 2609 920 2672; x_wconf 90' lang='lat' dir='ltr'>Domini</span> <span class='ocrx_word' id='word_1_218' title='bbox 932 2607 998 2672; x_wconf 90' lang='lat' dir='ltr'>cele</span> <span class='ocrx_word' id='word_1_219' title='bbox 1023 2610 1116 2673; x_wconf 90' lang='lat' dir='ltr'>ravit.</span> <span class='ocrx_word' id='word_1_220' title='bbox 1139 2608 1211 2671; x_wconf 85' lang='lat' dir='ltr'>Rex</span> <span class='ocrx_word' id='word_1_221' title='bbox 1223 2607 1262 2672; x_wconf 93' lang='lat' dir='ltr'>de</span> <span class='ocrx_word' id='word_1_222' title='bbox 1307 2605 1419 2692; x_wconf 90' lang='lat' dir='ltr'>ngaria</span> 
     </span>
     <span class='ocr_line' id='line_1_29' title="bbox 304 2687 1420 2778; baseline -0.003 -22"><span class='ocrx_word' id='word_1_223' title='bbox 304 2703 414 2758; x_wconf 89' lang='lat' dir='ltr'>contra</span> <span class='ocrx_word' id='word_1_224' title='bbox 434 2714 541 2777; x_wconf 90' lang='lat' dir='ltr'>regem</span> <span class='ocrx_word' id='word_1_225' title='bbox 558 2694 742 2778; x_wconf 88' lang='lat' dir='ltr'>conspirare</span> <span class='ocrx_word' id='word_1_226' title='bbox 764 2693 858 2778; x_wconf 85' lang='lat' dir='ltr'>cepit</span> <span class='ocrx_word' id='word_1_227' title='bbox 903 2692 998 2774; x_wconf 84' lang='lat' dir='ltr'>Quod</span> <span class='ocrx_word' id='word_1_228' title='bbox 1014 2714 1084 2756; x_wconf 90' lang='lat' dir='ltr'>cum</span> <span class='ocrx_word' id='word_1_229' title='bbox 1106 2691 1248 2756; x_wconf 85' lang='lat' dir='ltr'>audisset</span> <span class='ocrx_word' id='word_1_230' title='bbox 1268 2713 1335 2772; x_wconf 87' lang='lat' dir='ltr'>rex,</span> <span class='ocrx_word' id='word_1_231' title='bbox 1358 2687 1420 2754; x_wconf 93' lang='lat' dir='ltr'>col-</span> 
     </span>
     <span class='ocr_line' id='line_1_30' title="bbox 303 2773 1418 2857; baseline -0.004 -17"><span class='ocrx_word' id='word_1_232' title='bbox 303 2776 385 2842; x_wconf 89' lang='lat' dir='ltr'>lecto</span> <span class='ocrx_word' id='word_1_233' title='bbox 408 2777 560 2857; x_wconf 88' lang='lat' dir='ltr'>exercitu,</span> <span class='ocrx_word' id='word_1_234' title='bbox 583 2777 668 2840; x_wconf 89' lang='lat' dir='ltr'>circa</span> <span class='ocrx_word' id='word_1_235' title='bbox 689 2777 892 2842; x_wconf 86' lang='lat' dir='ltr'>festivitatem</span> <span class='ocrx_word' id='word_1_236' title='bbox 914 2779 1016 2841; x_wconf 89' lang='lat' dir='ltr'>sancti</span> <span class='ocrx_word' id='word_1_237' title='bbox 1031 2774 1217 2840; x_wconf 90' lang='lat' dir='ltr'>Michahelis</span> <span class='ocrx_word' id='word_1_238' title='bbox 1239 2773 1322 2840; x_wconf 91' lang='lat' dir='ltr'>bello</span> <span class='ocrx_word' id='word_1_239' title='bbox 1345 2795 1418 2837; x_wconf 93' lang='lat' dir='ltr'>eum</span> 
     </span>
     <span class='ocr_line' id='line_1_31' title="bbox 303 2856 1420 3008; baseline -0.002 -85"><span class='ocrx_word' id='word_1_240' title='bbox 303 2861 392 2960; x_wconf 90' lang='lat' dir='ltr'>petit.</span> <span class='ocrx_word' id='word_1_241' title='bbox 435 2859 560 3008; x_wconf 64' lang='lat' dir='ltr'>Fd⁰dem</span> <span class='ocrx_word' id='word_1_242' title='bbox 582 2881 665 2924; x_wconf 90' lang='lat' dir='ltr'>anno</span> <span class='ocrx_word' id='word_1_243' title='bbox 686 2882 745 2925; x_wconf 84' lang='lat' dir='ltr'>rex</span> <span class='ocrx_word' id='word_1_244' title='bbox 759 2860 935 2946; x_wconf 88' lang='lat' dir='ltr'>palatinum</span> <span class='ocrx_word' id='word_1_245' title='bbox 958 2861 1108 2926; x_wconf 89' lang='lat' dir='ltr'>comitem</span> <span class='ocrx_word' id='word_1_246' title='bbox 1124 2860 1276 2925; x_wconf 85' lang='lat' dir='ltr'>Sifiidum</span> <span class='ocrx_word' id='word_1_247' title='bbox 1291 2856 1420 2922; x_wconf 88' lang='lat' dir='ltr'>retrusit</span> 
     </span>
     <span class='ocr_line' id='line_1_32' title="bbox 303 2945 545 3009; baseline 0 0"><span class='ocrx_word' id='word_1_248' title='bbox 303 2967 337 3009; x_wconf 90' lang='lat' dir='ltr'>m</span> <span class='ocrx_word' id='word_1_249' title='bbox 360 2953 448 3009; x_wconf 90' lang='lat' dir='ltr'>custo</span> <span class='ocrx_word' id='word_1_250' title='bbox 472 2945 545 3009; x_wconf 92' lang='lat' dir='ltr'>iam.</span> 
     </span>
     <span class='ocr_line' id='line_1_33' title="bbox 387 3025 1420 3112; baseline -0.005 -18"><span class='ocrx_word' id='word_1_251' title='bbox 387 3027 458 3094; x_wconf 90' lang='lat' dir='ltr'>Ind.</span> <span class='ocrx_word' id='word_1_252' title='bbox 483 3029 510 3112; x_wconf 90' lang='lat'>1,</span> <span class='ocrx_word' id='word_1_253' title='bbox 535 3028 626 3092; x_wconf 85' lang='lat'>1109.</span> <span class='ocrx_word' id='word_1_254' title='bbox 668 3028 838 3096; x_wconf 89' lang='lat' dir='ltr'>Heinrieus</span> <span class='ocrx_word' id='word_1_255' title='bbox 856 3050 916 3093; x_wconf 87' lang='lat' dir='ltr'>rex</span> <span class='ocrx_word' id='word_1_256' title='bbox 936 3027 1074 3094; x_wconf 87' lang='lat' dir='ltr'>natalem</span> <span class='ocrx_word' id='word_1_257' title='bbox 1089 3027 1222 3093; x_wconf 90' lang='lat' dir='ltr'>Domini</span> <span class='ocrx_word' id='word_1_258' title='bbox 1236 3025 1420 3111; x_wconf 86' lang='lat' dir='ltr'>Mogontiae</span> 
     </span>
     <span class='ocr_line' id='line_1_34' title="bbox 198 3109 1421 3199; baseline -0.003 -22"><span class='ocrx_word' id='word_1_259' title='bbox 198 3143 253 3186; x_wconf 65' lang='lat' dir='ltr'>rm</span> <span class='ocrx_word' id='word_1_260' title='bbox 260 3143 295 3185; x_wconf 67' lang='grc' dir='ltr'>η,</span> <span class='ocrx_word' id='word_1_261' title='bbox 305 3111 487 3193; x_wconf 88' lang='lat' dir='ltr'>celebravit,</span> <span class='ocrx_word' id='word_1_262' title='bbox 510 3121 542 3177; x_wconf 89' lang='lat' dir='ltr'>et</span> <span class='ocrx_word' id='word_1_263' title='bbox 562 3122 636 3197; x_wconf 89' lang='lat' dir='ltr'>post</span> <span class='ocrx_word' id='word_1_264' title='bbox 656 3123 862 3199; x_wconf 89' lang='lat' dir='ltr'>pentecosten</span> <span class='ocrx_word' id='word_1_265' title='bbox 883 3135 993 3198; x_wconf 90' lang='lat' dir='ltr'>regem</span> <span class='ocrx_word' id='word_1_266' title='bbox 1014 3112 1053 3178; x_wconf 91' lang='lat' dir='ltr'>de</span> <span class='ocrx_word' id='word_1_267' title='bbox 1073 3111 1214 3177; x_wconf 82' lang='lat' dir='ltr'>Bdlena¹</span> <span class='ocrx_word' id='word_1_268' title='bbox 1234 3109 1318 3176; x_wconf 93' lang='lat' dir='ltr'>bello</span> <span class='ocrx_word' id='word_1_269' title='bbox 1340 3110 1421 3195; x_wconf 89' lang='lat' dir='ltr'>petit</span> 
     </span>
     <span class='ocr_line' id='line_1_35' title="bbox 305 3192 1420 3283; baseline -0.004 -22"><span class='ocrx_word' id='word_1_270' title='bbox 305 3218 441 3282; x_wconf 90' lang='lat' dir='ltr'>eumque</span> <span class='ocrx_word' id='word_1_271' title='bbox 462 3196 556 3260; x_wconf 91' lang='lat' dir='ltr'>nimis</span> <span class='ocrx_word' id='word_1_272' title='bbox 579 3205 709 3262; x_wconf 87' lang='lat' dir='ltr'>coartat.</span> <span class='ocrx_word' id='word_1_273' title='bbox 752 3197 876 3262; x_wconf 84' lang='lat' dir='ltr'>Eodem</span> <span class='ocrx_word' id='word_1_274' title='bbox 891 3219 975 3260; x_wconf 90' lang='lat' dir='ltr'>anno</span> <span class='ocrx_word' id='word_1_275' title='bbox 990 3197 1195 3283; x_wconf 87' lang='lat' dir='ltr'>desponsavit</span> <span class='ocrx_word' id='word_1_276' title='bbox 1215 3193 1313 3259; x_wconf 91' lang='lat' dir='ltr'>filiam</span> <span class='ocrx_word' id='word_1_277' title='bbox 1335 3192 1420 3280; x_wconf 89' lang='lat' dir='ltr'>regis</span> 
     </span>
     <span class='ocr_line' id='line_1_36' title="bbox 307 3277 1258 3366; baseline -0.004 -20"><span class='ocrx_word' id='word_1_278' title='bbox 307 3281 346 3346; x_wconf 91' lang='lat' dir='ltr'>de</span> <span class='ocrx_word' id='word_1_279' title='bbox 369 3277 507 3366; x_wconf 86' lang='lat' dir='ltr'>Anglica</span> <span class='ocrx_word' id='word_1_280' title='bbox 528 3289 620 3344; x_wconf 90' lang='lat' dir='ltr'>terra.</span> <span class='ocrx_word' id='word_1_281' title='bbox 663 3280 866 3346; x_wconf 89' lang='lat' dir='ltr'>Routhardus</span> <span class='ocrx_word' id='word_1_282' title='bbox 888 3279 1146 3366; x_wconf 88' lang='lat' dir='ltr'>archiepiscopus</span> <span class='ocrx_word' id='word_1_283' title='bbox 1169 3280 1258 3346; x_wconf 88' lang='lat' dir='ltr'>obiit.</span> 
     </span>
    </p>
   </div>
   <div class='ocr_carea' id='block_1_5' title="bbox 223 3440 1424 3556">
    <p class='ocr_par' dir='ltr' id='par_1_5' title="bbox 223 3440 1424 3556">
     <span class='ocr_line' id='line_1_37' title="bbox 395 3440 1424 3499; baseline -0.002 -16"><span class='ocrx_word' id='word_1_284' title='bbox 395 3445 417 3499; x_wconf 86' lang='lat' dir='ltr'>a)</span> <span class='ocrx_word' id='word_1_285' title='bbox 434 3454 506 3493; x_wconf 73' lang='lat' dir='ltr'>regno</span> <span class='ocrx_word' id='word_1_286' title='bbox 521 3455 539 3485; x_wconf 83' lang='lat' dir='ltr'>c.</span> <span class='ocrx_word' id='word_1_287' title='bbox 620 3441 644 3496; x_wconf 91' lang='lat' dir='ltr'>b)</span> <span class='ocrx_word' id='word_1_288' title='bbox 660 3445 712 3484; x_wconf 78' lang='lat' dir='ltr'>hoec</span> <span class='ocrx_word' id='word_1_289' title='bbox 725 3444 769 3484; x_wconf 79' lang='lat' dir='ltr'>tam</span> <span class='ocrx_word' id='word_1_290' title='bbox 781 3444 854 3494; x_wconf 72' lang='lat' dir='ltr'>prima</span> <span class='ocrx_word' id='word_1_291' title='bbox 868 3455 936 3484; x_wconf 80' lang='lat' dir='ltr'>mona</span> <span class='ocrx_word' id='word_1_292' title='bbox 945 3445 967 3494; x_wconf 91' lang='lat' dir='ltr'>s.</span> <span class='ocrx_word' id='word_1_293' title='bbox 976 3445 1012 3488; x_wconf 74' lang='lat' dir='ltr'>so.</span> <span class='ocrx_word' id='word_1_294' title='bbox 1028 3445 1109 3495; x_wconf 75' lang='lat' dir='ltr'>scripto</span> <span class='ocrx_word' id='word_1_295' title='bbox 1119 3443 1192 3493; x_wconf 79' lang='lat' dir='ltr'>fuisso</span> <span class='ocrx_word' id='word_1_296' title='bbox 1207 3443 1319 3483; x_wconf 58' lang='lat' dir='ltr'>venantie</span> <span class='ocrx_word' id='word_1_297' title='bbox 1334 3446 1370 3490; x_wconf 78' lang='lat' dir='ltr'>art,</span> <span class='ocrx_word' id='word_1_298' title='bbox 1385 3440 1424 3481; x_wconf 76' lang='lat' dir='ltr'>abi</span> 
     </span>
     <span class='ocr_line' id='line_1_38' title="bbox 223 3499 1424 3556; baseline -0.003 -13"><span class='ocrx_word' id='word_1_299' title='bbox 223 3506 227 3513; x_wconf 91' lang='lat'>&#39;</span> <span class='ocrx_word' id='word_1_300' title='bbox 307 3515 370 3544; x_wconf 65' lang='lat' dir='ltr'>nasa</span> <span class='ocrx_word' id='word_1_301' title='bbox 385 3505 426 3543; x_wconf 77' lang='lat' dir='ltr'>tac</span> <span class='ocrx_word' id='word_1_302' title='bbox 439 3508 491 3544; x_wconf 76' lang='lat' dir='ltr'>sum</span> <span class='ocrx_word' id='word_1_303' title='bbox 505 3504 621 3544; x_wconf 79' lang='lat' dir='ltr'>translato.</span> <span class='ocrx_word' id='word_1_304' title='bbox 690 3502 710 3556; x_wconf 91' lang='lat' dir='ltr'>c)</span> <span class='ocrx_word' id='word_1_305' title='bbox 727 3504 756 3545; x_wconf 87' lang='grc' dir='ltr'>Η.</span> <span class='ocrx_word' id='word_1_306' title='bbox 771 3515 789 3546; x_wconf 80' lang='lat' dir='ltr'>c.</span> <span class='ocrx_word' id='word_1_307' title='bbox 856 3501 999 3556; x_wconf 72' lang='lat' dir='ltr'>cluisset.</span> <span class='ocrx_word' id='word_1_308' title='bbox 1067 3503 1222 3556; x_wconf 83' lang='lat' dir='ltr'>e)tonltr1um</span> <span class='ocrx_word' id='word_1_309' title='bbox 1238 3513 1256 3543; x_wconf 79' lang='lat' dir='ltr'>c.</span> <span class='ocrx_word' id='word_1_310' title='bbox 1322 3499 1424 3552; x_wconf 65' lang='lat' dir='ltr'>Omana</span> 
     </span>
    </p>
   </div>
   <div class='ocr_carea' id='block_1_6' title="bbox 302 3563 493 3613">
    <p class='ocr_par' dir='ltr' id='par_1_6' title="bbox 302 3563 493 3613">
     <span class='ocr_line' id='line_1_39' title="bbox 302 3563 493 3613; baseline 0.005 -10"><span class='ocrx_word' id='word_1_311' title='bbox 302 3564 379 3613; x_wconf 68' lang='lat' dir='ltr'>priore</span> <span class='ocrx_word' id='word_1_312' title='bbox 391 3563 461 3613; x_wconf 66' lang='lat' dir='ltr'>perot</span> <span class='ocrx_word' id='word_1_313' title='bbox 476 3574 493 3604; x_wconf 83' lang='lat' dir='ltr'>c.</span> 
     </span>
    </p>
   </div>
   <div class='ocr_carea' id='block_1_7' title="bbox 402 3693 572 3762">
    <p class='ocr_par' dir='ltr' id='par_1_7' title="bbox 402 3693 572 3762">
     <span class='ocr_line' id='line_1_40' title="bbox 402 3693 572 3762; baseline 0.018 -18"><span class='ocrx_word' id='word_1_314' title='bbox 402 3695 429 3762; x_wconf 85' lang='lat'>1)</span> <span class='ocrx_word' id='word_1_315' title='bbox 449 3693 572 3748; x_wconf 76' lang='lat' dir='ltr'>Poloas&#39;o.</span> 
     </span>
    </p>
   </div>
   <div class='ocr_carea' id='block_1_8' title="bbox 0 0 1587 4882">
    <p class='ocr_par' dir='ltr' id='par_1_8' title="bbox 0 0 1587 4882">
     <span class='ocr_line' id='line_1_41' title="bbox 0 0 1587 4882; baseline 0 0"><span class='ocrx_word' id='word_1_316' title='bbox 0 0 1587 4882; x_wconf 95' lang='lat' dir='ltr'> </span> 
     </span>
    </p>
   </div>
  </div>
 </body>
</html>
