3156 4882
111 2841 113 2847 '
171 2844 190 2886 a

458 301 621 353 ANNALES
640 301 999 356 HILDESHEIMENSES.
1254 303 1288 352 67
1394 295 1398 304 '

259 469 348 534 1127.
391 467 463 532 Rex
477 467 687 548 Norinbercb,
708 469 822 533 urbem
844 469 1100 551 munitissimam,
1125 469 1289 535 obsidione

172 553 303 638 premit3
327 550 384 616 sed
404 551 450 614 nil
471 551 573 616 relatu
587 552 720 698 dignum
736 562 843 616 actum
859 563 907 618 est
927 554 983 635 ibi,
1006 554 1062 618 sed
1085 555 1153 618 sine
1175 554 1290 619 effectu

174 658 247 699 cum
270 636 410 721 dampno
433 657 562 699 suorum
584 636 616 698 in
641 659 658 700 e
679 635 781 700 rediit.
871 637 1053 722 Heynricus
1077 637 1290 703 Patherbrun-

174 720 281 786 nensis
303 743 320 784 e
344 723 474 804 iscopus
499 719 601 802 obiit3.
617 721 667 784 cui
681 720 887 785 Bernhardus
909 722 1060 787 succedit.

258 743 349 868 nal.
394 803 490 868 Circa
511 803 627 868 festum
649 805 750 868 sancti
770 805 921 870 Iohannis
935 806 1093 904 baptistae
1113 829 1173 870 rex
1194 829 1289 891 expe·
1298 823 1349 866 1un.
1362 827 1398 867 ²4.

172 889 326 954 ditionem
356 898 465 952 contra
486 887 685 970 Odnradum,
711 888 839 953 fratrem
864 889 1023 954 Friderroi
1044 890 1151 971 ducis,
1179 893 1288 972 movit,

172 973 297 1038 obsedit
320 995 359 1035 ue
382 973 494 1037 urbem
515 971 622 1058 Spire3
645 973 849 1060 acceptisque
871 974 1045 1055 obsidibus,
1067 975 1151 1038 circa
1172 975 1288 1038 festum
1298 1001 1355 1044 nov.
1365 1004 1400 1046 11.

172 1058 274 1122 sancti
330 1057 426 1121 artini
447 1056 601 1121 discessit.

257 1139 348 1204 1129.
391 1141 469 1204 Post
496 1149 701 1226 pentecosten
730 1163 788 1205 rex
816 1143 928 1208 urbem
951 1141 1044 1228 Spire
1066 1143 1181 1206 iterum
1204 1142 1379 1207 obsi-rum.

170 1225 264 1372 ‹flione
285 1224 392 1308 vallat,
414 1225 490 1312 quia
510 1223 617 1303 fidem,
645 1246 741 1311 quam
763 1227 918 1312 superiori
938 1249 1021 1292 anno
1044 1225 1211 1308 dederant,
1237 1227 1284 1290 in-

183 1331 217 1374 re
241 1318 343 1374 erunt.

217 1333 350 1458 g1130.
394 1393 465 1456 Rex
486 1392 590 1457 natale
613 1393 746 1458 Domini
775 1416 848 1458 cum
874 1393 973 1460 multa
999 1395 1179 1481 frequentia
1204 1395 1290 1480 prin-

173 1479 281 1564 cipum
314 1478 399 1541 oirca
432 1475 545 1550 urbem
578 1478 673 1562 Spire
705 1479 739 1540 in
771 1480 913 1543 tentoriis
947 1477 1094 1544 celebrat.
1144 1478 1290 1542 Tandem

173 1562 350 1648 Spirenses,
372 1559 518 1626 videntes
540 1563 751 1625 constantiam
772 1563 868 1647 regis,
888 1563 972 1628 fame
995 1563 1106 1644 coacti,
1129 1584 1198 1627 sese
1215 1585 1289 1626 cum

171 1649 242 1710 isa
271 1647 351 1710 urbe
380 1646 448 1730 regi
469 1645 669 1711 tradiderunt
696 1647 730 1709 in
757 1645 837 1711 festo
864 1656 1046 1712 sanctorum
1068 1649 1400 1713 numerianum.

171 1669 334 1795 llonorius
355 1751 441 1816 papa
463 1729 558 1812 obiit3
587 1731 640 1792 cui
661 1731 864 1796 Innocentius
886 1731 1050 1797 successit.
1147 1730 1289 1794 Burkar-

172 1814 231 1879 dus
262 1813 302 1878 de
332 1814 459 1877 Lucca1
491 1813 664 1896 occiditur3
694 1813 778 1877 unde
806 1839 865 1880 rex
894 1817 1098 1880 conuistatus
1126 1824 1158 1878 et
1178 1817 1288 1898 iratus,

171 1897 408 1980 winceburch,
441 1908 581 1962 castrum
609 1897 800 1962 Herimanni
829 1900 968 1981 comitis,
998 1900 1050 1962 cui
1078 1899 1173 1962 huius
1203 1899 1290 1964 cedis

174 1981 343 2046 consilium
365 1991 397 2045 et
417 1981 542 2046 iussum
563 1981 795 2066 imponebatur,
818 1982 984 2046 obsidione
1007 1981 1192 2047 circumdat.

260 2066 350 2130 1131.
394 2065 465 2129 Rex
494 2064 599 2129 natale
621 2065 755 2128 Domini
778 2063 976 2132 Gandersem
1005 2063 1154 2130 celebrat.
1197 2065 1291 2130 Heri-

171 2171 307 2214 mannus
330 2147 461 2212 consilio
484 2150 666 2234 principum
689 2170 761 2212 cum
783 2150 926 2234 predicto
950 2159 1053 2214 castro
1074 2150 1158 2234 regis
1181 2171 1214 2214 se
1235 2171 1291 2234 po-

170 2234 277 2299 testati
305 2232 412 2296 tradit.
456 2233 561 2314 Quem
587 2256 646 2298 rex
677 2233 838 2298 custodiae
867 2233 1018 2321 deputatq
1046 2243 1184 2298 castrum
1212 2255 1289 2298 vero

170 2319 271 2383 everti
292 2316 452 2381 solotenus
473 2319 618 2405 imperat.
874 2358 878 2368 ·

256 2401 348 2466 1132.
390 2401 678 2466 Vehementissima
705 2402 755 2466 vis
776 2411 945 2466 ventorum
973 2403 1140 2466 innumera
1162 2401 1289 2466 edificia

171 2485 338 2551 subvertit.
401 2483 538 2584 Eclipsis
549 2484 623 2550 lune
634 2485 718 2549 facta
729 2495 778 2548 est
788 2487 817 2550 5.
826 2485 910 2550 Non.
921 2485 1062 2550 Marciifl.
1087 2485 1363 2550 Translatio²mra
1373 2508 1396 2549 a.

172 2571 274 2634 sancti
297 2568 587 2633 Godehard1facta
608 2579 665 2632 est.
752 2568 847 2634 Circa
873 2570 1125 2654 assumptionem
1156 2579 1354 2644 sanctaenug.
1369 2595 1407 2638 1s.

171 2655 294 2718 Mariae
314 2652 470 2739 profectio
492 2655 577 2737 regis
607 2654 641 2715 in
662 2651 787 2717 Italiam
808 2675 867 2738 pro
890 2655 1126 2742 consecratione
1155 2675 1214 2718 sua
1242 2653 1283 2718 ab

172 2735 348 2802 aostolico
381 2736 468 2822 apud
496 2737 631 2800 Romam
661 2737 695 2800 in
717 2758 867 2803 cesarem.
911 2738 951 2801 In
978 2757 1041 2824 quo
1070 2737 1183 2802 itinere
1212 2760 1286 2802 cum

191 2761 213 2886 d
234 2821 347 2886 urbem
368 2819 589 2907 Augustanam
611 2823 761 2904 venisset,
791 2842 861 2885 eam
883 2821 1016 2908 pacifice
1038 2823 1201 2906 ingressus
1224 2831 1287 2905 est3

171 2905 228 2972 sed
251 2903 450 2992 quorundam
472 2905 590 2970 civium
610 2905 748 2970 factione
771 2905 885 2970 seditio
907 2916 1018 2969 contra
1038 2906 1123 2990 regis
1144 2904 1288 2970 homines

172 3001 284 3056 'exorta
305 3000 369 3072 est3
393 2999 423 3053 et
436 2990 497 3053 hac
513 2988 552 3053 de
568 3009 666 3052 causa
680 2991 845 3074 repentino
867 2993 951 3075 igne,
973 3001 1009 3054 ut
1030 2991 1064 3054 in
1078 2989 1134 3055 tali
1149 2989 1287 3056 tumultu
1297 3013 1312 3053 f.
1323 3011 1368 3053 se.

171 3075 240 3140 fieri
262 3073 349 3154 solet,
373 3073 483 3140 civitas
505 3073 570 3138 fere
592 3083 659 3138 tota
680 3072 899 3158 conflagravit,
922 3072 1065 3138 etmulti
1086 3084 1152 3139 tam
1173 3073 1288 3160 gladiis

173 3180 269 3245 quam
290 3157 428 3222 flammis
449 3159 621 3244 perierunt.

257 3242 348 3306 1133.
391 3243 462 3306 Rex
483 3240 586 3306 natale
608 3241 742 3306 Domini
764 3242 797 3304 in
818 3241 1046 3326 Langobardia
1067 3242 1155 3328 apud
1177 3241 1288 3307 villam

171 3325 386 3390 Medicinam³
418 3325 537 3404 dietam
570 3325 718 3390 celebrat.
776 3327 838 3390 Per
869 3325 995 3390 Italiam
1031 3325 1181 3412 pleraque
1218 3326 1288 3391 loca

171 3409 295 3474 munita
317 3409 379 3473 sibi
400 3410 579 3474 resistentia
601 3411 695 3495 capit.
740 3410 883 3474 Tandem
905 3411 934 3474 2.
959 3409 1032 3472 Kal.
1052 3410 1129 3496 May
1150 3411 1286 3476 Romam
1297 3427 1354 3480 Arr-
1367 3429 1405 3472 ³⁰·

172 3515 246 3558 cum
274 3514 399 3556 summo
428 3493 536 3558 favore
564 3493 757 3576 ingreditur3
786 3493 896 3579 ibique
925 3495 954 3559 2.
977 3493 1059 3558 Non.
1088 3494 1189 3574 lunii,
1222 3516 1379 3581 quorum.

171 3590 247 3644 tunc
271 3577 338 3640 dies
354 3575 512 3640 dominica
527 3576 641 3656 extitit,
663 3576 827 3640 Lateranis
849 3579 883 3640 in
903 3576 1037 3642 basilica
1057 3579 1159 3642 sancti
1173 3578 1286 3642 Iohan-

170 3664 220 3727 nis
241 3661 400 3747 baptistae
421 3683 441 3724 a
462 3660 590 3725 domino
612 3659 785 3744 apostolico
800 3661 985 3726 Innocentio
1007 3662 1041 3724 in
1062 3662 1287 3746 imperatorem

172 3755 383 3812 consecratur.
469 3743 675 3809 Bernhardus
697 3744 1006 3810 Patherbrunnensis
1028 3747 1209 3830 episcopus,
1233 3747 1287 3832 qui

170 3843 247 3896 tunc
273 3851 346 3894 cum
373 3849 449 3914 rege
481 3827 606 3908 aderat,
639 3850 734 3890 usum
761 3828 922 3892 rationalis
955 3830 988 3892 in
1022 3829 1288 3895 celebrationibus

259 3999 399 4054 aarum.

264 4135 288 4193 1)
304 4133 426 4184 Leccam.
507 4129 536 4198 2)
555 4130 632 4182 Haec
655 4147 758 4196 qaoque
782 4130 811 4181 ia
831 4129 901 4182 Aac.
927 4129 1065 4183 Patherbr.
1091 4132 1178 4184 relata
1195 4130 1287 4196 fuisse

170 4205 302 4258 videatur.
377 4205 406 4272 3)
421 4221 506 4272 prope
525 4205 654 4271 Boloyaa.
988 4247 990 4250 .

1014 4289 1055 4354 5*
