3156 4882
416 319 580 372 ANNALES
599 319 960 371 HILDESIIEIMENSES.
1213 321 1247 370 13

125 498 253 563 sequitur.
292 497 452 546 Revertente
466 493 564 545 Garolo
582 508 648 558 rege
668 509 684 542 a
696 493 790 556 Roma,
809 493 982 559 Langobardi
1001 493 1167 544 ohsidionem
1187 507 1247 560 per-

125 572 186 633 tesi,
206 570 314 620 civitate
334 585 394 618 cum
408 567 550 618 Desiderio
569 581 634 631 rege
648 566 820 630 egrediuntur
840 566 874 615 ad
893 581 995 632 regem.
1032 567 1091 617 Rex
1106 583 1170 618 vero
1191 567 1247 617 alia

126 642 170 694 die
191 658 251 693 eum
269 643 375 708 hymnis
394 647 422 691 et
440 639 566 690 laudibus
585 638 747 702 ingrediens,
766 639 906 690 thesauros
926 641 1015 704 regios
1034 639 1136 690 ibidem
1155 655 1246 706 reper-

124 720 165 767 tos
186 714 261 766 dedit
280 715 409 766 exercitui
428 728 486 776 suo,
513 722 540 762 et
559 717 684 762 cunctum
703 711 801 762 Italiae
820 727 932 777 regnum
951 712 1073 779 adeptus,
1096 713 1247 778 regreditur

123 791 152 838 in
164 789 317 850 Franciam,
336 786 475 837 adducens
491 801 582 836 secum
595 784 767 834 Desiderium
788 790 815 835 et
829 787 969 850 coniugem
984 787 1041 836 eius
1055 801 1087 834 ac
1106 785 1245 837 familiam.

122 860 276 928 Adalgisus‚
296 860 367 911 filius
387 861 454 922 eius,
471 857 536 924 fuga
554 857 654 923 lapsus,
674 873 722 923 per
739 873 813 908 mare
833 856 1092 924 Constantinopolim
1111 861 1194 910 venit.

215 933 242 986 8.
279 932 395 984 Karolus
419 932 453 982 ab
472 931 554 980 Italia
578 929 749 996 regrediens,
777 931 973 982 dedicationem
999 929 1133 982 ecclesiae
1158 933 1324 982 sanent-rr.

123 1007 232 1058 Nazarii
251 1012 279 1058 et
298 1005 497 1057 translationem
518 1005 635 1069 corporis
655 1005 739 1070 ipsius
758 1005 786 1052 in
805 1005 967 1055 monasterio
986 1004 1152 1056 Lauresham
1173 1005 1244 1055 cele-

123 1081 184 1131 brat
203 1095 273 1130 anno
297 1078 489 1128 incarnationis
513 1077 665 1128 dominicae
687 1077 747 1139 ⁷⁷4,
767 1077 811 1126 die
830 1077 892 1126 Kal.
907 1077 1083 1142 Septembris.
1124 1077 1245 1140 Carolus,

123 1153 274 1205 Saxonihus
286 1153 408 1214 vastatis,
421 1151 598 1214 Heroshurg⁸
614 1148 726 1200 castella
741 1151 822 1216 capit,
837 1151 992 1201 custodibus
1005 1150 1106 1200 ibidem
1120 1149 1247 1213 dimissis,

123 1227 266 1278 revertitur
284 1226 313 1274 in
332 1225 479 1274 l'rantiam.

216 1299 242 1350 9.
280 1297 394 1348 Karalus
407 1298 435 1346 in
447 1295 528 1345 Italia
540 1294 745 1360 Hruotgaudum
759 1295 920 1345 tirannidem
934 1297 1087 1346 molientem
1106 1297 1245 1348 interimit.

217 1372 260 1422 10.
298 1371 418 1422 Saxones
443 1373 504 1434 post
530 1367 628 1419 multas
649 1368 747 1419 caedes
773 1373 801 1419 et
819 1370 895 1418 varia
914 1369 986 1419 bella
1005 1369 1107 1432 afflicti,
1126 1385 1179 1419 non
1198 1385 1245 1421 ra·

123 1444 363 1506 lentesresistere,
381 1441 491 1492 tandem
512 1442 650 1492 christiani
669 1442 765 1506 effecti,
785 1443 949 1492 Francorum
969 1441 1069 1492 dicioni
1088 1441 1245 1494 subduntur.

216 1519 259 1568 11.
297 1515 412 1566 Karolns
432 1520 524 1565 contra
537 1514 688 1566 Saracenos
700 1514 893 1580 Pampalonam
913 1516 1049 1566 civitatem
1069 1517 1151 1580 capit.
1179 1515 1245 1566 Abi-

121 1596 214 1642 tanrus
234 1591 427 1641 Saracenorum
453 1603 501 1638 rex
529 1586 605 1638 dedit
623 1586 732 1638 obsides
757 1589 864 1638 fratrem
891 1603 967 1638 suurn
988 1593 1015 1638 et
1039 1587 1131 1650 filium,
1157 1588 1246 1640 reddit

123 1665 255 1726 civitates,
275 1679 341 1728 quas
360 1661 479 1712 tenebat.
516 1659 585 1710 Inde
604 1659 784 1726 proficiscitur
802 1661 837 1710 ad
857 1660 1106 1726 Caesaraugustam,
1133 1660 1246 1712 adducit

123 1751 215 1788 secum
234 1735 375 1786 Ibiinlarbi
394 1749 486 1799 regem
506 1733 709 1784 Saracenorum.

214 1809 258 1859 12.
297 1809 504 1872 Withuchingus
530 1807 600 1858 Saxo
631 1806 765 1858 tirannide
791 1805 906 1856 molitur.
957 1806 1076 1857 Saxones
1101 1807 1245 1858 rebellioni

114 1883 256 1946 insistunt,
276 1886 380 1946 strages
407 1885 434 1930 et
452 1879 580 1929 incendia
603 1881 630 1930 in
649 1881 786 1930 Frentiam
805 1894 891 1944 usque
917 1880 945 1928 in
964 1880 1083 1930 Hrenum
1103 1887 1245 1946 peragunt.

123 1954 235 2008 Carolus
262 1971 295 2006 ex
318 1956 413 2004 itinere
439 1953 620 2017 Hispanorum
645 1951 814 2016 regrediens,
844 1953 990 2000 exercitum
1019 1952 1126 2002 obviam
1155 1955 1244 2016 mittit,

124 2028 246 2079 Saxones
264 2029 293 2076 in
311 2027 403 2090 fugam
423 2025 512 2074 vertit.

216 2100 259 2148 13.
298 2097 413 2148 Karolns
439 2096 560 2146 Saxones
586 2097 712 2161 opprimit
737 2101 764 2145 et
788 2095 961 2145 adversantes
987 2097 1040 2146 sibi
1066 2097 1120 2146 Dei
1144 2097 1244 2148 auxilio

123 2178 240 2224 suerat.
1117 2207 1120 2212 .

155 2189 173 2240 p
216 2245 259 2296 14.
298 2241 413 2293 Karolns
441 2241 554 2292 Romam
584 2239 671 2290 denuo
700 2240 802 2304 adiens,
831 2240 965 2292 Adrianus
993 2257 1064 2308 papa
1091 2243 1244 2309 Pippinum‚

123 2317 208 2368 filium
221 2318 302 2382 regis,
323 2316 470 2382 baptizarit
489 2319 516 2364 et
535 2329 641 2364 asacro
660 2313 733 2364 fonte
752 2315 871 2380 suscepit
887 2319 914 2364 et
931 2329 1021 2378 regem
1042 2331 1121 2381 super
1137 2315 1244 2366 Italiam

123 2391 211 2452 unxit;
230 2389 354 2442 similiter
373 2393 400 2438 et
418 2387 615 2450 Hludowicum,
634 2387 742 2438 fratrem
762 2389 827 2450 eius,
847 2403 927 2453 super
944 2388 1126 2452 Aquitaniam.
1165 2387 1243 2438 Cele-

122 2463 254 2529 brantque
274 2462 376 2528 paseha
394 2461 504 2512 Domini
525 2475 585 2510 cum
605 2475 704 2524 magna
722 2459 818 2525 gloria.

148 2547 152 2552 ’
216 2537 259 2588 15.
297 2533 394 2584 Karlus
408 2549 454 2584 rex
467 2532 638 2584 Dassilonem
661 2532 757 2582 ducem
771 2531 805 2581 ad
823 2547 852 2582 se
866 2533 1009 2582 accersivit
1021 2533 1212 2584 Wormaoiam.

215 2609 258 2660 16.
296 2605 401 2658 Tassilo
424 2606 554 2671 promittit
576 2603 658 2654 fidem
680 2620 786 2656 serrare
806 2605 864 2668 regi
884 2619 944 2653 cum
962 2605 1143 2668 iureiurando,
1163 2621 1242 2672 quem
1251 2617 1268 2658 t.
1278 2617 1315 2660 aa.

123 2680 234 2731 dimittit
251 2692 304 2730 vreu
322 2677 470 2729 honorifice
490 2683 517 2727 et
535 2677 649 2741 imperat
671 2677 723 2727 sibi
742 2676 851 2727 obsides
869 2677 953 2738 mitti;
974 2679 1046 2742 quod
1065 2679 1104 2728 ita
1123 2685 1149 2728 et
1168 2679 1243 2731 feeit.

217 2753 259 2802 1⁷.
298 2751 505 2815 Withuchingus
531 2749 601 2800 Saxo
630 2755 691 2816 post
722 2749 832 2799 multam
863 2749 1024 2799 tirannidem
1052 2757 1189 2816 peractam
1214 2753 1242 2802 iu

123 2831 210 2876 semet
227 2827 376 2886 revertitur,
396 2824 470 2873 venit
489 2821 524 2872 ad
543 2837 642 2887 regem,
661 2821 750 2872 tidelis
770 2822 880 2873 effectus
900 2823 1058 2888 baptisatur.

216 2897 258 2948 18.
296 2895 432 2948 Paridem
445 2901 550 2961 tempus
570 2894 653 2945 multa
672 2897 751 2960 signa
769 2901 956 2962 apparuerunt,
975 2897 1045 2949 inter
1064 2911 1115 2962 que
1136 2898 1242 2963 signum

122 2971 209 3022 crucis
228 2973 256 3020 in
274 2971 440 3021 vestimentis
463 2969 600 3019 hominum
622 2968 837 3034 frequentissime
862 2969 1001 3035 apparuit;
1027 2971 1136 3033 sanguis
1156 2976 1184 3021 et
1203 2965 1241 3020 eb

120 3048 192 3094 terra
210 3059 243 3093 ac
263 3043 297 3094 de
317 3042 393 3094 caelo
413 3042 568 3108 perhibetur
586 3042 704 3092 fluxisse.

216 3117 258 3166 19.
296 3115 411 3166 Karalus
439 3113 550 3166 Romam
579 3113 738 3174 adveniens,
772 3115 920 3178 Haragisus
953 3115 1007 3164 dux
1035 3116 1241 3167 Beneventanus

120 3189 229 3240 mittens
248 3187 332 3240 filium
352 3205 427 3240 suum
446 3186 606 3238 Rumaldnm
626 3188 684 3252 regi
700 3193 727 3237 et
745 3203 868 3250 munera,
893 3188 969 3238 utin
994 3193 1092 3238 terram
1111 3203 1186 3238 suam
1207 3203 1241 3239 ne

119 3262 239 3324 intraret,
259 3267 286 3312 et
304 3261 434 3328 quidquid
452 3261 597 3326 imperaret
614 3259 725 3310 iaceret.
763 3259 1023 3325 Quodapostolicus
1043 3260 1163 3323 audiens,
1188 3277 1241 3312 non

121 3332 244 3395 credidit,
260 3349 348 3400 neque
362 3335 468 3384 Franci.
507 3333 562 3384 Sed
581 3335 714 3398 persuasit
731 3348 823 3398 regem
841 3331 976 3398 proficisci
995 3335 1023 3382 in
1042 3340 1139 3384 terram
1153 3335 1241 3384 Bene·

121 3405 204 3455 venti.
241 3406 390 3471 Haragisus
409 3406 565 3470 relinquens
584 3406 704 3472 Capuam
724 3407 868 3468 civitatem,
888 3407 916 3454 in
930 3405 1041 3472 Salerno
1062 3407 1240 3459 concluditur.

121 3477 206 3528 Mittit
223 3479 282 3542 regi
301 3492 411 3528 munera
430 3483 456 3528 et
469 3477 643 3542 Grimoldum,
663 3477 747 3529 filium
767 3495 851 3541 suum,
873 3483 899 3528 et
920 3478 952 3525 12
974 3478 1095 3541 obsides;
1116 3479 1241 3542 obtinuit,

119 3555 151 3601 ut
168 3555 241 3600 terra
258 3549 307 3600 illa
325 3566 377 3601 non
390 3555 548 3600 vastaretur.
585 3551 700 3602 Karolns
713 3552 825 3602 Romam
838 3567 969 3610 remeans,
988 3551 1136 3602 Tassilonis
1156 3550 1242 3616 legati

7 3691 8 3698 ἵ
94 3681 97 3686 ,
119 3622 257 3690 postulant
275 3621 429 3685 Adrianum,
447 3627 478 3672 ut
492 3637 588 3688 pacem
607 3625 676 3673 inter
693 3623 769 3674 illum
790 3629 817 3675 et
835 3639 926 3689 regem
946 3624 1057 3675 faceret.
1096 3623 1174 3686 Quod
1193 3639 1241 3674 rex

119 3695 235 3746 libenter
254 3697 356 3756 annuit,
375 3696 400 3746 si
417 3696 468 3746 hoc
487 3695 597 3756 faceret,
617 3695 688 3760 quod
701 3697 815 3762 Pippino
834 3699 893 3762 regi
913 3713 973 3747 cum
992 3698 1151 3759 iuramento,
1170 3699 1241 3762 patri

120 3783 177 3831 suo,
196 3767 355 3835 promiserat
373 3773 401 3818 et
413 3770 501 3819 denuo
519 3768 572 3834 ipsi
586 3772 613 3818 et
630 3767 694 3818 tiliis
716 3769 765 3819 sub
783 3769 953 3820 iureiurando
966 3768 1128 3820 firmaverat.
1162 3770 1240 3832 Quod

119 3847 280 3893 rennuentes
299 3841 383 3906 legati
401 3839 556 3903 Tassilonis,
581 3839 715 3892 Adrianus
734 3857 805 3908 papa
831 3857 892 3892 eum
916 3843 965 3893 sub
985 3841 1162 3892 anathematis
1182 3843 1241 3892 vin-

121 3913 181 3964 culo
208 3916 380 3980 constringit,
410 3914 434 3965 si
459 3912 537 3963 aliter
561 3913 651 3964 facere
677 3913 768 3965 vellet.
806 3913 910 3965 Tassilo
939 3916 1061 3980 promisit
1090 3921 1117 3964 et
1144 3920 1241 3980 postea

119 3985 216 4038 fefellit
234 3993 261 4038 et
280 3989 315 4039 ad
334 4003 425 4054 regem
444 3987 537 4037 venire
556 3988 730 4052 contempnit.

139 4073 144 4076 ·
213 4057 268 4126 [10.
277 4057 299 4126 ⁰]
338 4060 453 4112 Karolns
471 4061 560 4126 pergit
572 4060 732 4124 Baioariam,
752 4057 918 4110 Tassilonem
939 4074 971 4109 ex
990 4061 1062 4110 omni
1080 4064 1156 4126 parte
1177 4075 1238 4112 curn

209 4219 232 4272 a)
251 4224 274 4262 et
289 4219 398 4272 Siglburg
413 4223 465 4266 add.
481 4223 549 4264 haar.
611 4221 634 4274 b)
651 4222 707 4262 deest
722 4233 739 4262 o.
802 4219 823 4273 c)
839 4221 895 4262 deest
909 4233 927 4264 c.
