3156 4882
444 329 609 382 ANNALES
630 331 991 386 HILDESHEIMENSES.
1242 338 1275 387 tt

161 501 330 588 episcopus
361 497 515 584 populum
543 495 709 580 monebat,
740 499 914 584 imperator
968 503 1038 566 uasi
1071 502 1166 567 corde
1194 524 1279 568 com-

162 595 300 674 punctus
315 583 387 648 Deo
409 581 618 669 promittebat
638 603 697 667 pro
713 581 838 646 delictis
860 587 925 649 suis
974 586 1188 652 ierosolimam
1209 610 1281 674 per·

161 692 247 756 gere,
269 670 379 754 sicque
402 667 571 752 optimates
591 667 682 751 regni
705 665 893 752 decipiebat.

247 750 416 837 Cumque¹
447 751 610 837 principes
637 749 679 814 ad
707 751 775 815 eius
806 754 928 816 curiam
957 775 1033 839 sepe
1067 757 1281 840 convenirent,

160 833 239 904 nihil
260 836 300 901 de
328 859 363 900 re
392 833 522 920 publiea
549 835 701 920 agebant,
729 844 836 920 preter
863 837 950 923 quod
971 859 1029 901 sua
1057 839 1103 903 ibi
1133 861 1279 904 consum-

161 931 300 1003 marent,
327 927 498 1005 propterea
526 939 634 983 secum
656 919 731 982 ficta
760 919 823 983 fide
845 921 1054 986 versabantur
1075 932 1107 988 et
1127 923 1280 990 adversus

163 1029 236 1073 eum
260 1001 504 1090 conspirabant3
527 1004 636 1090 sicque
658 1024 767 1067 omnes
788 1005 879 1090 regni
906 1007 1068 1092 principes
1090 1006 1280 1094 decipiebat,

162 1101 198 1156 ut
219 1088 298 1152 nihil
319 1109 426 1152 rerum
447 1087 591 1152 veritatis
613 1088 702 1151 inre
724 1085 855 1173 publica
875 1099 993 1173 ageret,
1021 1091 1083 1155 nisi
1106 1092 1192 1179 quod
1214 1093 1280 1156 suis

160 1170 360 1258 temporibus
382 1182 496 1236 cuncta
516 1169 715 1236 vilescerent.
758 1171 878 1238 Multae
901 1172 995 1238 urbes
1018 1185 1050 1239 et
1072 1176 1191 1260 oppida
1213 1177 1281 1241 eius

163 1256 246 1323 bello
269 1266 343 1320 sunt
364 1255 553 1335 destructae,
577 1265 608 1320 et
629 1254 858 1320 aecclesiarum
879 1255 943 1321 Dei
965 1267 1033 1322 erat
1053 1270 1177 1344 raptor,
1200 1259 1281 1324 scili-

164 1352 214 1408 cet
229 1362 325 1405 causa
338 1339 566 1406 reconciliandi
585 1339 746 1425 principes
766 1339 910 1404 illarum³
925 1341 1037 1427 predia
1052 1341 1281 1409 distribuendo.

163 1426 250 1509 Quid
271 1423 397 1490 multa?
439 1423 541 1487 Nemo
564 1445 717 1509 umquam
747 1421 822 1488 talia
850 1425 885 1488 in
906 1427 1045 1512 antiquis
1067 1425 1281 1493 voluminibus

161 1511 304 1596 repperit
326 1510 454 1594 scripta,
478 1506 585 1594 qualia
605 1506 748 1572 inaudita
768 1520 969 1594 perpetrarat
988 1510 1145 1595 facinora,
1168 1522 1199 1578 et
1219 1513 1281 1577 nisi

161 1597 242 1660 mira
255 1593 320 1658 Dei
335 1591 502 1658 clementia
523 1613 597 1656 eum
619 1591 765 1657 sufferret
785 1602 817 1656 et
831 1593 872 1657 ad
893 1595 1122 1679 poenitentiam
1145 1595 1350 1665 distulis-seo.

160 1690 217 1762 set,
239 1687 325 1742 terra
346 1700 420 1742 eum
441 1677 553 1740 vivum
576 1676 660 1740 sicut
680 1676 810 1740 Dathau
832 1676 1059 1744 obsorbuisset.

245 1761 315 1826 Ind.
341 1763 398 1842 11,
422 1761 515 1826 1104.
559 1759 640 1824 Erat
655 1761 688 1822 in
703 1760 895 1826 Radisbona
909 1763 944 1826 in
959 1762 1058 1826 natali
1071 1763 1207 1828 Domini
1224 1765 1281 1828 im-

160 1847 316 1935 peratoris
345 1846 450 1923 curia,
482 1844 540 1909 ubi
569 1865 676 1908 comes
707 1844 903 1929 Sigehardus
933 1846 1095 1933 quoddam
1126 1847 1282 1912 iudicium

160 1953 257 2016 super
279 1927 410 1994 clientes
431 1928 548 1990 iniuste
568 1927 736 2009 iudicavit3
759 1950 801 1991 ex
823 1949 886 2013 qua
908 1951 1005 1993 causa
1026 1929 1068 1993 ab
1091 1932 1137 1995 eis
1160 1940 1208 1996 est
1230 1953 1280 1995 oc·
1321 2002 1325 2011 ¹

160 2015 254 2078 cisus.
288 2011 383 2076 Unde
399 2021 468 2076 orta
482 2021 531 2074 est
544 2011 686 2072 maxima
700 2012 879 2095 persecutio
902 2012 1087 2098 imperatori
1101 2035 1121 2076 a
1136 2017 1281 2098 cognatis

159 2096 243 2161 illius
266 2107 298 2160 et
318 2119 338 2160 a
360 2095 483 2159 cunctis
512 2093 711 2179 principibus
732 2095 839 2180 regni3
889 2097 956 2178 uia,
986 2098 1013 2160 si
1035 2097 1131 2163 vellet
1155 2099 1186 2162 ei
1209 2099 1281 2164 sub-

161 2182 280 2260 venire,
302 2201 505 2265 nequaquam
522 2188 606 2242 esset
626 2177 820 2242 interiectus
865 2116 948 2244 gum
962 2202 1039 2245 vero
1056 2180 1096 2246 ob
1111 2181 1145 2246 id
1159 2182 1281 2247 factum

162 2288 227 2330 non
248 2285 370 2351 paucos
392 2261 510 2326 hahere
526 2263 656 2326 sentiret
670 2262 879 2344 adversarios,
903 2265 1153 2352 circumquaque
1175 2266 1216 2331 ab
1230 2267 1278 2332 in-

162 2349 251 2414 sidiis
266 2370 377 2413 eorum
392 2345 537 2428 vallatus,
560 2355 671 2432 aptum
686 2347 841 2412 evadendi
857 2349 963 2433 coepit
983 2349 1142 2436 inquirere
1163 2348 1279 2415 locum.

163 2433 308 2500 Tandem
324 2431 479 2513 discessit,
502 2439 534 2494 et
554 2440 590 2493 ut
604 2440 749 2494 sanctum
772 2432 892 2516 pascha
914 2430 1088 2498 celebraret
1110 2456 1184 2498 cum
1200 2439 1277 2518 suis,

158 2518 400 2602 Mogontiacum
421 2515 519 2578 venit.
562 2514 679 2578 Sancto
701 2515 799 2599 igitur
820 2513 941 2599 pascha
961 2516 1042 2580 inibi
1063 2515 1387 2603 sollempniterspffl,

161 2610 302 2688 peracto,
324 2598 481 2663 Leodium
502 2597 599 2660 venit.
645 2597 716 2676 Quo
731 2598 840 2662 venire
862 2597 1041 2664 debuerunt
1062 2621 1167 2664 comes
1184 2601 1278 2666 Heri-

161 2706 299 2749 mannus
328 2694 360 2748 et
379 2680 686 2766 Magedeburgensis
714 2679 888 2746 aecclesiae
916 2685 1099 2769 prepositus
1121 2683 1278 2751 vocabulo

162 2769 356 2852 Hartwigus,
380 2765 504 2830 comitis
519 2763 707 2849 Eggelberti
728 2764 819 2848 filius,
842 2767 1011 2866 episcopus
1025 2767 1071 2832 ibi
1089 2770 1280 2836 constituen-

160 2855 230 2918 dus.
276 2851 421 2937 Cumque
437 2848 532 2913 simul
553 2849 586 2910 in
606 2849 660 2914 via
682 2859 786 2914 essent
807 2850 929 2934 directi,
950 2853 1014 2951 1psi
1036 2874 1158 2939 suaque
1173 2855 1281 2918 omnia

159 2961 180 3002 a
201 2936 377 3002 Teoderico
408 2935 523 2998 comite
552 2932 592 2997 de
624 2933 765 2998 Saxonia
795 2944 870 2999 sunt
891 2937 1077 3021 captivitate
1108 2936 1228 3002 detenti
1249 2948 1280 3002 et

160 3045 201 3086 ne
222 3021 264 3084 ad
286 3020 409 3083 curiam
431 3015 633 3104 pervenirent
654 3017 809 3102 impediti.
854 3017 945 3082 Talia
959 3028 1065 3084 autem
1080 3019 1121 3084 ab
1143 3022 1188 3084 im
1213 3044 1279 3086 era-

161 3116 229 3171 tore
252 3110 425 3188 comperta,
448 3102 542 3164 nimis
557 3101 750 3186 indignatus
775 3103 859 3166 circa
872 3101 988 3166 festum
1003 3104 1105 3168 sancti
1119 3105 1172 3168 An
1212 3127 1278 3188 eae,
1286 3131 1344 3172 nov.
1354 3133 1391 3174 aa.

161 3197 354 3274 congregato
378 3187 522 3250 exercitu
544 3195 576 3249 et
597 3183 662 3248 filio
685 3208 743 3250 suo
767 3187 948 3268 comitante,
970 3189 1060 3254 venit
1086 3211 1123 3252 us
1147 3212 1188 3254 ue
1209 3191 1278 3254 Fri-

161 3271 292 3354 dislare3
314 3292 389 3333 nam
411 3267 529 3334 abinde
551 3269 662 3334 debuit
682 3271 716 3333 in
736 3270 910 3334 Saxoniam
956 3294 1075 3356 argere.
1118 3211 1170 3338 lbi
1184 3282 1277 3339 nocte

160 3355 298 3443 quadam
319 3353 403 3417 filius
425 3353 580 3439 quosdam
602 3353 642 3417 de
663 3355 762 3438 patris
791 3356 842 3418 sui
862 3354 960 3418 fami'
982 3356 1081 3440 ribus,
1108 3357 1277 3421 Heriman-

160 3461 239 3505 num
267 3437 388 3502 scilieet
413 3447 445 3500 et
470 3435 549 3500 alios
578 3458 759 3520 assumens,
789 3438 877 3524 quod
904 3449 952 3504 est
972 3440 1001 3503 2.
1023 3441 1072 3504 Id.
1094 3439 1389 3524 Decembr.,1>00‚12,

163 3523 245 3588 clam
260 3521 437 3586 abscessitb
460 3527 492 3583 et
505 3519 687 3584 Baioariam
707 3523 752 3585 ire
774 3523 945 3588 contendit.
989 3521 1162 3610 Comperto
1177 3525 1277 3624 igitur

163 3606 297 3672 discidio
320 3603 378 3668 filii
399 3625 418 3667 a
438 3612 531 3752 patre
552 3625 572 3666 a
593 3604 771 3691 Thiepaldo
786 3608 979 3688 marchione,
1003 3629 1100 3706 supra
1121 3617 1277 3672 nommatr

160 3693 284 3758 comitis
301 3687 470 3775 Sigehari
491 3696 616 3773 nepote,
639 3689 783 3774 gaudens
805 3713 878 3754 cum
894 3691 1016 3755 cunctis
1031 3693 1170 3776 regronis
1191 3692 1357 3767 illiusraa,

162 3773 352 3864 primatibus
376 3771 505 3837 obviam
526 3773 613 3836 venit
635 3781 666 3836 et
686 3774 859 3838 honorifice
882 3775 1033 3860 suscepit,
1058 3777 1277 3863 optimumque

251 3975 273 4027 a)
289 3977 383 4016 illorum
399 3986 417 4014 c.
492 3971 515 4024 b)
533 3973 633 4014 abcessit
652 3984 709 4014 corr.
725 3973 822 4014 absorsit
836 3985 867 4024 e.;
891 3975 928 4014 uti
949 3977 972 4015 ct
992 3975 1016 4014 ir
1031 3986 1099 4024 mara.
1118 3977 1189 4016 eadem
1211 3987 1278 4017 mara

161 4036 270 4084 seriptum.
504 4049 506 4054 ·

254 4182 281 4250 1)
306 4182 360 4234 Hic
379 4183 531 4250 eatprorem
555 4183 592 4234 aa
615 4183 697 4234 aliam
721 4180 835 4234 transire
859 4182 1054 4248 narrationem,
1080 4193 1147 4238 recte
1172 4185 1277 4250 Sabura,

159 4259 177 4310 l.
199 4259 216 4309 l.
234 4274 263 4323 p.
280 4258 323 4320 57,
344 4265 459 4310 statuere
476 4256 541 4308 mita·
559 4255 672 4310 videtur.

377 4347 380 4352 ,
1040 4344 1076 4408 4*
