3156 4882
298 285 335 336 40
585 283 750 336 arrhene
770 285 1129 338 HILDESHEIMENSES.

298 450 418 516 hardus
439 447 611 514 Fuldensis
640 449 816 514 monachus
845 452 1006 516 successit.
1049 451 1217 516 Mserksuit
1238 453 1414 538 Wongere-

300 534 546 619 sterpiensium1
580 531 742 598 abbatissa
763 534 792 598 2.
807 533 881 598 Kal.
896 534 1051 600 Novemb.
1074 536 1162 600 obiit.
1211 537 1289 600 Post
1340 557 1415 600 uam

298 616 450 696 Alberad,
471 615 751 682 Mohnhechiensis
774 617 864 702 prius
885 619 1057 701 abbatissa,
1078 619 1313 684 machinatione
1356 619 1415 702 igi-

298 699 403 766 berhti
423 699 600 764 Mindensis
622 701 765 786 episcopi
791 699 877 765 idem
898 703 1042 786 regimen
1063 703 1217 788 suscepit,
1245 711 1312 767 tota
1339 723 1413 766 con-

356 785 485 868 gatione
506 785 639 846 nimium
660 783 824 849 renitente.
877 783 1016 849 Hiemali
1037 795 1180 872 tempore
1203 785 1332 851 Ohnuht
1354 807 1413 849 rex

229 905 232 912 ·
298 805 466 930 hinorum
489 876 520 931 et
541 865 720 951 Anglorum
746 867 906 931 inmatura
932 878 1034 932 morte
1055 878 1227 954 preventus
1249 867 1358 950 obivit,
1380 879 1413 933 et

299 951 472 1014 christiana
499 949 610 1036 religio
640 951 772 1035 abipso
795 950 928 1015 fidehter
956 950 1083 1017 exculta
1104 951 1277 1037 periclitari
1297 953 1412 1050 coepit.

299 1033 365 1098 Sed
392 1033 565 1097 filiuseius
594 1035 698 1097 iunior
732 1033 950 1100 Haerdechunt
976 1037 1126 1116 nominev
1143 1058 1278 1120 regnum
1312 1036 1410 1120 ipsrus

297 1125 371 1202 post
393 1139 468 1181 eum
483 1138 638 1180 consensu
659 1117 898 1202 provintialium
914 1118 1059 1184 obtinuit.
1104 1119 1168 1184 Ota
1183 1129 1312 1182 sanctae
1327 1139 1411 1182 com·

297 1200 536 1265 memorationis
558 1199 720 1265 abbatissa
742 1201 782 1264 de
802 1199 1009 1286 Confeng0n²
1032 1203 1111 1268 obiit
1134 1203 1182 1266 14.
1204 1200 1278 1266 Kal.
1295 1199 1410 1267 Octob.

296 1283 406 1347 Brimo
429 1305 535 1347 comes
558 1282 638 1348 obiit
660 1283 709 1347 14.
731 1283 803 1348 Kal.
826 1285 896 1348 Iun.

380 1366 449 1432 Ind.
464 1368 495 1448 4,
519 1367 610 1432 1036.
642 1367 821 1452 Imperator
837 1389 908 1430 eum
924 1391 1048 1431 summa
1063 1389 1194 1432 suorum
1208 1369 1410 1454 principuma

296 1449 474 1534 frequentia
494 1450 693 1514 nativitatem
709 1450 827 1516 Christi
842 1451 1017 1549 Argentine
1038 1452 1208 1536 magnifiee
1229 1451 1411 1516 celebravit.

190 1533 558 1606 sass,2,Purificationem
580 1555 655 1598 vero
683 1545 810 1600 sanctae
824 1533 945 1599 Manae
966 1537 1176 1620 Augustburg
1198 1536 1279 1620 egit;
1301 1533 1357 1598 ubi
1378 1545 1412 1599 et

297 1614 463 1702 publicum
479 1639 552 1680 cum
575 1619 698 1681 cunctis
714 1619 1007 1682 circumiacentium
1026 1620 1193 1764 reffiionum
1215 1619 1411 1703 primoribus

296 1711 488 1764 conventum
509 1699 631 1782 habuit,
652 1701 686 1762 in
708 1722 771 1785 quo
816 1700 928 1766 atrueh
958 1723 1016 1765 suo
1039 1700 1064 1765 O
1089 1702 1231 1766 uonrado
1258 1702 1408 1766 ducatum

297 1781 542 1868 Carentinorum
557 1785 725 1848 commisit.
754 1724 1000 1848 Adaelberonem
1015 1785 1189 1849 maiestatis
1203 1806 1294 1848 reum
1332 1786 1408 1850 riori

296 1887 379 1930 anno
395 1865 537 1930 dimovit.
570 1865 724 1932 Hisdemb
747 1867 860 1932 diebus
881 1867 967 1932 idem
982 1809 1406 1934 AdaelberoWillehelhrum

296 1951 446 2014 comitem
468 1950 625 2016 interfecit
652 1960 684 2015 et
709 1961 821 2036 postea
849 1952 883 2014 in
909 1951 1074 2017 castellum
1095 1951 1282 2038 Eresburgh
1310 1974 1408 2016 causa

215 2031 412 2100 r.so¹.latendi
445 2035 595 2119 confligit.
647 2035 697 2098 Im
722 2045 826 2099 crater
861 2035 983 2121 pascha
1013 2034 1236 2120 Engilenheim
1271 2037 1407 2101 feriavit.

184 2141 239 2194 aar.
249 2146 284 2186 rs.
293 2117 420 2182 Deinde
441 2118 623 2182 Triburiam
643 2057 786 2198 tendens,
807 2119 948 2202 generali
970 2117 1090 2182 ibidem
1118 2119 1229 2182 sinodo
1256 2121 1407 2204 presedit,

292 2201 326 2262 in
348 2221 411 2285 qua
432 2201 624 2283 germanitas
646 2201 870 2286 episcoporum
892 2202 1000 2284 priora
1026 2201 1153 2265 decreta
1179 2203 1409 2286 redintegravit

292 2291 324 2346 et
346 2285 441 2346 etiam
485 2281 602 2345 uedem
623 2281 664 2343 ad
687 2282 920 2344 firmamentum
948 2292 1077 2346 sanctae
1105 2282 1279 2348 aecclesiae
1299 2306 1407 2349 neces-

293 2365 436 2428 sariaco
473 2365 617 2428 ormavit.
660 2363 785 2428 Ibidem
807 2365 903 2428 etiam
925 2365 1087 2450 predictus
1110 2365 1186 2429 Otto
1209 2375 1342 2450 cogente
1364 2369 1405 2430 si-

292 2447 377 2512 nodo
399 2445 608 2512 Mahthildem
630 2447 691 2513 sibi
713 2446 940 2546 desponsatam
967 2447 1145 2512 iuramento
1171 2468 1191 2510 a
1212 2470 1245 2512 se
1264 2447 1406 2534 abalige-

189 2553 238 2594 και
250 2533 392 2600 sanavit.
424 2532 673 2596 Ascensionem⁰
688 2531 821 2595 Domrni
834 2533 1008 2617 imperator
1021 2529 1249 2596 Paderbrunne
1265 2533 1406 2618 peregit5

197 2640 279 2681 ransc.
317 2624 498 2680 entecosten
519 2637 594 2680 vero
609 2616 871 2700 nativitatemque
894 2615 994 2678 sancti
1015 2615 1167 2678 Iohannis
1182 2614 1350 2700 Niumago,
1373 2625 1406 2680 et

292 2701 304 2762 i
327 2700 339 2761 i
360 2698 425 2763 filio
447 2699 647 2784 imperatoris
668 2698 821 2763 Heinrico
843 2701 912 2783 regi
937 2699 1025 2763 venit
1046 2699 1157 2784 regina
1179 2697 1330 2763 Ounihild
1351 2721 1406 2764 no-

183 2807 238 2849 runt
247 2807 281 2848 sa.
291 2783 391 2864 mine,
419 2803 501 2868 quae
528 2780 648 2845 ibidem
677 2783 711 2844 in
732 2781 829 2846 natali
857 2781 1073 2865 apostolorum
1092 2805 1127 2846 re
1150 2781 1232 2847 alem
1255 2803 1407 2847 eoronam

290 2866 416 2950 aceepit
442 2875 475 2930 et
505 2872 626 2928 mutato
652 2865 779 2928 nomine
807 2865 840 2928 in
867 2865 1089 2929 benedictione
1118 2804 1291 3012 dunifiund
1319 2865 1405 2930 dicta

291 2957 347 3014 est.
390 2947 522 3014 Aestivo
544 2948 640 3012 etiam
661 2958 725 3013 tem
751 2969 804 3012 ore
825 2948 999 3034 imperator
1018 2949 1182 3032 regionem
1224 2950 1404 3014 iutiziorum

292 3055 366 3098 cum
381 3034 523 3098 exercitu
543 3033 682 3096 intravit.
727 2969 792 3096 bed
806 3031 871 3095 Dei
885 3033 988 3116 gratia
1003 3029 1151 3096 omnibus
1173 3055 1232 3118 pro
1252 3055 1309 3098 suo
1325 3033 1406 3098 velle

291 3116 462 3202 dispositis,
484 3117 624 3201 acceptis
647 3114 811 3180 obsidibus
826 3124 858 3179 et
871 3113 1094 3179 innumerabili
1108 3117 1255 3200 pecunia,
1269 3119 1304 3180 in
1324 3139 1405 3200 pace

289 3201 452 3264 remeavit.
495 3199 705 3262 Meinwercus
727 3198 1013 3262 Potherhrunensis
1036 3199 1205 3283 episcopus
1227 3199 1310 3263 Non.
1332 3201 1404 3263 Iun.

291 3281 379 3347 obiit.
424 3281 486 3347 Oui
499 3280 676 3345 Ruodolfus
691 3281 884 3346 Herveldiae
906 3281 1005 3346 abbas
1027 3284 1188 3347 successit.
1233 3282 1298 3346 Sed
1317 3283 1406 3348 dorn-

289 3388 350 3430 nus
363 3365 586 3446 Mremnnnus,
608 3365 750 3430 eiusdem
764 3363 826 3428 loci
840 3365 989 3446 decanus,
1010 3363 1126 3450 plurali
1139 3363 1283 3431 utilitatis
1298 3366 1404 3431 studio

289 3449 460 3532 imbutum,
476 3457 603 3512 sanctae
615 3448 745 3534 quidem
757 3450 1006 3514 conversationis
1020 3448 1205 3531 monachus,
1220 3449 1406 3514 Herfeldiae

288 3535 461 3619 primatum
482 3531 625 3596 eiusdem
647 3532 679 3596 di
725 3533 809 3597 'tatis
832 3531 978 3598 obtinuit.
1020 3533 1129 3596 Bruno
1150 3531 1406 3617 Mersburgensis

288 3615 397 3703 presul
416 3615 465 3680 Id.
486 3615 571 3700 Aug.
601 3555 790 3698 susttilIilur3
817 3626 1006 3703 postquem
1028 3613 1197 3679 Hunoldus
1219 3615 1402 3680 Halbersta-

141 3699 147 3711 ¹
227 3710 229 3714 ’
288 3701 386 3765 tensis
407 3701 589 3786 prepositus
610 3699 811 3765 subinfertur.
854 3699 1042 3764 Thiedricus
1071 3698 1112 3763 de
1133 3698 1244 3764 eodem
1265 3699 1311 3764 ibi
1333 3718 1403 3762 coe-

216 3785 384 3856 f,51,nobio
413 3783 609 3869 preponitur.
654 3781 844 3848 SanctaeA
885 3783 1060 3870 ‘ppinensis
1090 3779 1263 3846 aecclesiae
1288 3789 1404 3846 metro-

289 3867 448 3954 politanus
463 3866 643 3932 venerande
657 3869 831 3932 memoriae
845 3806 1042 3948 bimensus,
1064 3864 1107 3929 ad
1122 3863 1229 3929 omnia
1242 3864 1277 3928 in
1286 3863 1405 3930 divinis

378 4027 401 4082 a)
416 4029 545 4080 pristinum
559 4040 577 4070 c.
637 4027 661 4082 b)
678 4030 768 4072 litatem
783 4041 801 4070 e.
863 4027 884 4082 e)
899 4029 1006 4072 Anceps.
1021 4039 1039 4069 c.
1100 4024 1266 4078 dtimbututus
1281 4039 1299 4070 a

383 4155 411 4226 1)
435 4159 576 4228 Wanslorf.
651 4158 680 4228 2)
700 4161 864 4228 Kaufaupen
882 4161 910 4212 ia
928 4159 1040 4212 Horaia.
