3156 4882
285 293 356 344 'VIII
577 291 742 343 ANNALES
763 289 1120 344 HILDESHEIMENSES.

289 483 320 524 o.
337 458 428 523 1107.
455 459 638 542 partimin
661 459 777 524 3333333
804 469 840 524 33
865 461 994 523 3333333
1020 481 1101 522 rasa
1123 458 1264 542 scripsit.
1311 456 1401 532 Quae

282 566 361 608 -cum
376 545 426 607 333
440 546 505 606 3333
519 551 548 607 33
557 542 592 627 f.
609 543 660 623 67,
683 543 770 628 quod
785 551 862 628 post
876 544 926 609 64.
974 543 1134 606 onendum
1149 551 1228 623 erat,
1253 564 1274 605 a
1289 542 1400 608 333333-

283 627 642 714 peqaordinemutato,
657 628 770 710 priori
789 628 915 692 scribae
955 627 1092 708 3333333,
1107 628 1266 712 conjicere
1306 649 1400 708 33333,

288 713 348 776 3333
375 721 491 796 posteo
521 711 647 774 demum
681 733 746 776 3333
773 713 910 776 3333333.
953 710 1020 774 Sed
1053 711 1163 792 obstat,
1198 650 1401 796 quodpfolia

282 795 423 860 257-64.
447 796 692 879 quaternionem
713 793 870 880 efficiunt,
893 799 951 881 qui
971 817 1039 858 333
1061 796 1167 859 breues
1191 804 1319 859 tantum
1341 818 1400 858 an-

287 877 651 950 333331166-1107.
681 881 814 944 33333333
843 882 1004 944 continere
1027 889 1175 964 poterat,
1218 879 1285 943 uod
1303 901 1401 964 prae·

279 974 374 1028 *terea
402 964 541 1027 historia
572 986 601 1026 3.
626 961 716 1027 1103.
744 973 772 1026 33
796 963 886 1027 1104.
915 988 936 1028 3
958 969 1104 1048 sequenti
1128 901 1238 1028 3333333
1259 965 1401 1047 3333331,

287 1050 336 1112 333
357 1057 393 1111 33
415 1048 496 1112 3333
517 1046 590 1112 illos
607 1069 821 1112 amanuenses
836 1051 873 1112 in
889 1049 996 1113 eodem
1018 1047 1100 1113 libro
1116 1048 1292 1112 desudasse
1308 1070 1402 1133 opor-

287 1141 371 1214 teat;
383 1131 532 1216 fortasse
555 1128 636 1193 alter
658 1132 819 1213 quaedam
842 1135 963 1196 omissa
985 1132 1148 1217 suppleuit
1168 1132 1302 1215 ideoque
1326 1131 1402 1196 33333

286 1218 392 1280 333333
419 1238 482 1278 333
508 1215 688 1278 minoribus
713 1215 829 1280 litteris
855 1218 1005 1282 inseruit.
1057 1217 1145 1280 Num
1170 1218 1267 1279 etiam
1292 1219 1402 1300 ipsam

288 1301 459 1364 historiam
492 1300 622 1362 auserit
661 1298 709 1362 333
740 1303 929 1382 mutaverit,
969 1323 1057 1364 nunc
1081 1301 1218 1384 frustra
1250 1307 1418 1383 quaeras.¹

287 1382 419 1463 Auctor,
443 1405 534 1468 quem
555 1383 708 1467 sequitur,
731 1382 873 1470 Spirae²
900 1385 948 1449 333
970 1385 1162 1468 Mequntiae
1183 1385 1310 1464 333333,
1323 1383 1400 1469 for-

281 1477 371 1531 33333
385 1469 461 1552 jam
482 1467 589 1530 codici
609 1465 793 1532 Annalium
816 1467 851 1532 S.
874 1467 997 1532 Albani
1019 1469 1097 1532 33333
1119 1470 1275 1550 inseruit,
1305 1491 1326 1530 3
1371 1491 1400 1532 e-

287 1553 395 1615 33333
416 1551 547 1616 iliorum
559 1550 677 1636 forma
699 1550 820 1635 procul
847 1553 946 1617 dubio
969 1553 1114 1634 aliena³,
1142 1555 1192 1616 ita
1214 1563 1249 1616 ut
1271 1552 1330 1616 Hit
1354 1576 1401 1617 es·

283 1636 458 1700 3333333333
486 1657 526 1698 33
553 1637 730 1720 conjuncta
757 1637 926 1702 inuenerit.
977 1638 1040 1700 Hic
1063 1659 1177 1720 pauca
1207 1645 1334 1699 tuntum
1362 1638 1402 1700 de

281 1743 367 1783 suae
388 1719 480 1781 33333
501 1720 661 1802 episcopis
684 1719 812 1806 adjecit.
836 1759 874 1768 —
898 1722 1047 1805 Denique
1068 1743 1142 1784 nero
1157 1720 1199 1783 30
1211 1721 1287 1803 fere
1303 1723 1402 1785 annis

281 1812 359 1888 post
385 1801 474 1866 33333
500 1803 635 1886 quidam
664 1805 813 1890 marqini
838 1807 979 1890 majores
1000 1804 1085 1869 33333
1106 1802 1232 1884 intulit,
1254 1813 1284 1866 33
1299 1827 1401 1888 prue-

283 1897 375 1951 terea
400 1889 436 1951 iu
465 1886 578 1950 ultima
598 1887 632 1971 f.
649 1885 716 1950 osb.
733 1897 843 1973 parte,
855 1888 889 1973 f.
905 1889 955 1953 65.
979 1890 1029 1954 66.
1057 1898 1086 1953 33
1107 1887 1172 1954 68⁸.
1196 1887 1334 1952 annates
1357 1890 1402 1954 ad

288 1995 319 2037 a.
334 1994 436 2056 usque
449 1970 539 2036 1137.
556 1973 769 2054 continuavit,
784 1975 806 2036 i.
822 1997 848 2037 e.
862 1973 1183 2038 Potherbrunuenses
1198 1973 1402 2056 descripsit&

286 2054 378 2130 ¹Quos
403 2078 469 2120 non
498 2055 587 2119 ultra
617 2057 703 2120 tunc
726 2081 851 2121 anuum
879 2058 1032 2122 deductos
1058 2067 1148 2122 eum⁵
1171 2057 1336 2136 33333333,
1366 2079 1401 2122 33

281 2140 457 2226 probatur,
479 2140 566 2224 quod
585 2163 709 2222 maqna
721 2140 807 2226 folii
820 2141 870 2206 68.
890 2152 1019 2226 portem
1040 2151 1070 2204 et
1080 2151 1256 2226 praeterea
1268 2139 1334 2225 fol.
1351 2142 1401 2206 69.

286 2246 394 2288 33333
415 2222 555 2307 reliquit.
597 2222 703 2304 Ν3333,
734 2248 773 2288 33
796 2225 1091 2290 Η33333333333333
1133 2225 1251 2305 uidem,
1280 2225 1319 2288 de
1344 2247 1402 2289 333

288 2307 473 2384 addidisse,
505 2305 607 2370 muita
638 2329 712 2371 nero
746 2309 889 2372 omisisse
916 2309 1054 2372 3333333.
1112 2248 1202 2381 guae
1230 2309 1402 2392 prioribus

287 2393 386 2455 annis
400 2390 607 2475 marqinibus
622 2390 718 2455 333333
733 2402 837 2474 erant,
860 2416 881 2455 3
896 2391 1081 2478 3333333393
1094 2415 1251 2477 maqnom
1269 2401 1401 2476 partem

286 2475 415 2540 3333333
437 2497 495 2559 ope
517 2474 675 2538 33333333
697 2478 754 2562 qui
773 2499 813 2540 eoo
834 2478 942 2541 eodem
953 2475 1051 2560 fonte
1074 2477 1185 2539 3333333
1207 2486 1284 2539 3333
1309 2479 1400 2542 resti-

286 2561 335 2624 tui
350 2559 470 2623 debent.
513 2559 612 2622 Nunc
627 2582 701 2624 3333
714 2560 792 2644 fere
807 2583 846 2624 ea
868 2570 994 2626 tantum
1011 2561 1205 2642 cohibemus,
1227 2561 1322 2646 cujas
1338 2557 1401 2623 333

284 2653 347 2707 333
369 2643 507 2727 oestiqia
529 2645 566 2706 33
589 2644 698 2708 333333
720 2654 850 2710 3333333
875 2655 959 2712 3333.
1004 2646 1095 2709 Haec
1122 2667 1196 2710 uero
1220 2646 1259 2710 33
1286 2645 1331 2709 333
1354 2667 1401 2710 33·

273 2728 473 2813 jansemus,
502 2727 619 2826 quibus
646 2729 682 2790 in
711 2729 820 2794 codice
849 2731 978 2815 adjecta
1005 2739 1095 2810 sunt,
1125 2738 1160 2792 ut
1180 2729 1295 2792 333333
1321 2729 1402 2813 quid

286 2812 402 2898 cuique
413 2812 509 2894 fonte
523 2811 677 2875 debeatur
695 2814 842 2896 perspici
857 2816 975 2897 possit.
1018 2814 1157 2898 Apertos
1180 2812 1301 2876 333333
1314 2833 1402 2876 erro·

281 2918 338 2960 res
361 2893 562 2976 sustulimus,
583 2897 699 2959 uarias
720 2919 793 2959 3333
813 2897 962 2961 333333333
984 2919 1095 2960 33333
1117 2897 1175 2980 qui
1196 2896 1321 2960 eosdem
1336 2895 1400 2960 Pa-

279 2980 557 3044 therbrunnenses
589 2977 735 3045 Annales
771 2982 1014 3065 conscripserunt
1051 2986 1067 3064 (
1062 2982 1259 3066 praesertim
1294 2980 1400 3044 mani-

286 3087 411 3129 morum
428 3062 683 3144 Coloniensium)
698 3067 866 3130 rarissime
881 3075 1007 3129 tantum
1023 3066 1262 3130 annotavimus.
1287 3065 1401 3150 Neque

287 3171 376 3212 nunc
398 3169 483 3294 quae
505 3146 686 3210 Annalista
707 3147 799 3212 Sana
823 3159 880 3213 aut
901 3173 941 3214 333
962 3152 1083 3214 nostris
1105 3159 1163 3212 aut
1177 3170 1217 3212 33
1239 3150 1401 3213 communi

271 3231 375 3316 fonte
421 3233 559 3312 auserit,
585 3233 852 3317 inoestiqandum
879 3243 958 3298 erat.
1002 3233 1069 3298 Sed
1090 3255 1209 3298 nouom
1229 3233 1314 3297 3333
1333 3233 1402 3298 An·

287 3316 415 3380 333333
429 3315 601 3379 editionem
609 3317 808 3400 praesertim
821 3317 866 3381 iis
904 3327 1013 3382 ratam
1024 3317 1105 3402 fore
1120 3315 1321 3399 confidimus,
1345 3319 1403 3404 qui

281 3400 533 3486 ‘disquisitiones
559 3397 640 3462 33333
662 3401 818 3486 persequi
845 3341 902 3466 uei
911 3403 1089 3488 juvenibus
1119 3402 1300 3467 imitandas
1324 3425 1401 3488 pro·

281 3507 406 3570 ponere
427 3483 534 3547 uelint.
1134 3485 1174 3550 G.
1203 3487 1337 3552 Woite.

381 3657 407 3724 1)
428 3658 462 3709 13
481 3658 552 3724 quod
570 3664 638 3709 totus
651 3658 815 3711 narrationis
832 3667 913 3726 tenor,
930 3664 1087 3729 praesertim
1106 3681 1167 3717 3333
1180 3667 1261 3718 uerba
1274 3685 1300 3719 a.
1316 3667 1400 3720 1105:

287 3733 462 3784 reconciliare
482 3748 556 3796 cum;
575 3732 744 3797 supradictus
759 3734 970 3788 Constantisnsis
990 3740 1132 3805 spiscopus
1153 3740 1297 3791 3333333333
1316 3747 1400 3792 33333-

280 3805 361 3857 «dunt.
437 3806 466 3870 2)
486 3803 531 3855 Ita
550 3804 646 3856 Scirum
668 3823 696 3871 p.
720 3808 763 3858 36.
784 3807 948 3861 0333333333
967 3809 1024 3875 ΙΙΙ,
1048 3829 1075 3878 p.
1096 3813 1174 3864 1040.
1200 3813 1342 3864 etiamnum
1368 3816 1401 3867 de

282 3878 413 3930 monacho
432 3877 461 3930 3.
480 3876 580 3928 Albani
599 3878 701 3946 coqitat.
777 3881 806 3948 3)
826 3881 884 3932 Hoc
902 3891 969 3934 recte
988 3883 1084 3936 Scirum
1097 3903 1129 3951 p.
1149 3887 1181 3935 51
1198 3902 1252 3952 sqq.
1268 3887 1400 3954 probasse

281 3951 405 4016 3333333,
430 3949 589 4017 Schefferum
613 3949 787 4020 impuqnans,
817 3954 863 4020 qui
887 3957 1046 4009 contrariom
1074 3957 1230 4010 sententiam
1251 3961 1401 4026 proposuit.

282 4025 316 4092 4)
338 4025 397 4088 Qua
411 4025 443 4076 de
461 4041 490 4077 re
503 4043 526 4077 3.
540 4024 667 4091 Schefferi
692 4027 794 4078 333333.
853 4026 882 4094 3)
901 4029 993 4080 Ρ3333
1010 4038 1112 4082 tantum
1124 4049 1191 4097 quac
1210 4031 1327 4099 Scheffer
1341 4043 1401 4101 post

280 4099 357 4150 3333
370 4116 469 4150 aunum
482 4098 774 4152 Patlsertrannensibus
790 4101 936 4152 vindicavit
949 4119 981 4153 333
994 4119 1082 4155 eorum
1095 4106 1182 4158 codice
1194 4124 1315 4159 manasse
1323 4117 1403 4174 pato.

1528 3835 1563 4192 r
