3156 4882
420 247 585 300 Annaeus
605 247 963 300 HILDESHEIMENSES.
1215 249 1250 298 55

135 416 242 482 Deum
264 425 387 502 patrem
408 414 525 482 habere
548 425 580 480 et
600 414 662 480 sibi
683 427 808 480 terreno
829 415 914 500 patri
935 415 1064 498 penitus
1086 413 1132 478 ibi
1146 415 1252 501 inpre-

133 502 306 566 sentiarum
328 499 423 564 vellet
442 501 639 581 renunciare,
661 501 817 585 promisit,
840 498 897 564 sed
918 499 1049 562 minime
1072 497 1251 585 complevit.

138 583 283 672 Cumque
303 582 379 648 talia
406 583 507 648 ethis
530 582 645 648 similia
668 583 707 648 de
736 592 821 648 statu
842 580 1014 646 aecclesiae
1036 591 1068 646 et
1090 581 1130 646 de
1151 582 1252 648 salute

134 669 260 733 animae
282 668 349 732 eius
373 668 637 732 sermocinaretur
658 691 716 754 per
737 675 839 734 totum
854 667 949 748 diem,
971 667 1152 753 vespertino
1174 677 1252 732 tem-

135 773 212 852 pore
234 761 367 850 uterque
389 773 499 816 eorum
527 752 568 816 ad
597 752 775 836 hospicium
801 750 977 831 redierunt3
1005 755 1103 834 pater
1121 751 1252 837 quidem

134 834 389 902 moumbenttbus
418 837 521 900 noetis
547 836 687 901 tenebris
713 833 892 920 temptabat
913 833 1082 918 aufugere3
1110 835 1167 898 sed
1188 833 1253 899 val-

133 919 216 984 latus
244 919 385 1006 undique
407 918 448 984 ab
471 920 625 1000 inimicis,
652 940 856 1006 nequaquam
884 928 1018 1004 poterat.
1061 917 1157 982 Mane
1176 939 1252 983 vero

133 1014 224 1090 patre
246 1012 418 1089 assumpto,
441 1003 483 1068 ad
504 1002 667 1068 castellum
689 1004 858 1103 Pinguiam
885 1011 1042 1066 venerunt
1069 1010 1101 1066 et
1124 1003 1171 1067 ibi
1198 999 1253 1066 illa

132 1099 227 1152 nocte
249 1097 528 1174 pernoctaverunt,
559 1098 591 1153 et
615 1086 715 1152 altera
735 1088 787 1151 dre
838 1087 909 1150 uasi
930 1086 1065 1149 invitum
1093 1087 1127 1148 in
1148 1086 1251 1151 Beke-

134 1171 289 1237 lenheim¹
314 1171 448 1238 deduxit
470 1169 633 1237 castellum
657 1183 689 1236 et
709 1173 743 1234 in
764 1171 796 1235 vi
817 1109 874 1234 lia
894 1168 1008 1233 natalis
1030 1169 1164 1233 Domini
1179 1168 1250 1254 Spi-
1258 1179 1315 1220 1³00·
1328 1180 1365 1220 2⁴·

133 1256 221 1320 rensi
249 1257 399 1342 episcopo
429 1254 596 1340 diligenter
625 1193 868 1320 custodienddm
899 1255 1072 1336 commisit3
1102 1277 1165 1318 non
1187 1253 1253 1318 bal-

132 1350 245 1404 neatus
267 1351 298 1404 et
318 1340 462 1404 intonsus
486 1349 518 1404 et
538 1340 578 1405 ab
605 1341 691 1404 omni
715 1340 779 1404 Dei
801 1339 929 1403 servitio
956 1339 1101 1422 privatus
1128 1336 1174 1401 ibi
1195 1361 1254 1423 per

134 1445 246 1488 omnes
269 1445 376 1488 sacros
405 1423 472 1488 dies
494 1424 681 1509 permansit3
712 1425 821 1509 sicque
849 1421 932 1486 filius
959 1421 1098 1486 natalem
1118 1422 1253 1486 Domini

133 1505 350 1574 celebraturus
372 1508 571 1593 Mogontiam
592 1509 769 1572 revertitur.

218 1591 289 1656 Ind.
313 1592 361 1656 13.
408 1591 626 1656 Romanorum
641 1592 691 1657 96.
711 1591 882 1656 Heinricus
903 1612 971 1671 rex,
993 1598 1084 1688 patre
1106 1587 1251 1675 expulso,

133 1677 221 1761 oepit
241 1697 373 1762 regnare
395 1698 478 1741 anno
502 1677 593 1741 1106.
636 1676 815 1762 Imperator
834 1697 911 1739 vero
932 1675 1027 1737 nimis
1049 1675 1135 1759 cepit
1159 1672 1252 1737 lacri-

134 1783 222 1824 mare
245 1769 276 1824 et
297 1769 417 1824 mestus
440 1782 519 1843 esse,
542 1769 573 1826 et
595 1759 635 1824 de
657 1761 796 1845 peccatis
819 1759 885 1823 suis
908 1758 969 1823 sibi
994 1757 1071 1822 talia
1092 1757 1251 1841 evenisse;

132 1845 249 1908 timens
272 1843 333 1909 sibi
354 1843 454 1909 multo
476 1845 626 1930 peiores
648 1843 847 1928 principibus
868 1842 988 1922 futura,
1018 1851 1111 1926 rogat
1132 1843 1253 1928 episco-

135 1950 214 2013 pum
238 1927 422 2013 Spirensem
444 1949 478 1991 se
500 1929 691 2012 presentari,
722 1948 854 2012 seseque
884 1924 1107 1990 consiliosius
1134 1937 1166 1990 et
1186 1947 1253 1989 ma-

134 2021 305 2095 gnatorum
320 2012 411 2096 regni
426 2021 540 2074 cuncta
553 2010 710 2074 facturum
755 2010 903 2074 romittit:
935 2031 969 2073 re
992 2007 1054 2072 alia
1069 2018 1100 2074 et
1114 2006 1252 2090 castella,

136 2116 199 2192 que
222 2095 342 2179 optima
363 2104 395 2158 et
416 2095 628 2158 munitissima
653 2033 805 2174 habebat,
831 2092 896 2156 filio
918 2031 1057 2174 tradere,
1085 2100 1120 2155 ut
1141 2091 1252 2157 saltem

132 2179 196 2244 srbi
216 2177 330 2264 predia
350 2178 392 2242 ad
413 2201 490 2242 usus
517 2178 695 2242 necessaria
716 2177 924 2263 impenderet.
969 2175 1152 2261 Episcopus
1173 2198 1250 2240 vero

134 2263 168 2329 in
196 2272 261 2326 nat.
290 2263 392 2326 sancti
412 2262 563 2326 Iohannis
592 2260 806 2347 euangelistae
827 2261 1025 2346 Mogontiam
1053 2261 1153 2343 venit3
1182 2261 1318 2345 ipsense.
1331 2283 1367 2326 rt.

134 2355 169 2410 et
182 2345 459 2432 Wirzeburgensis
474 2349 646 2432 episcopus
668 2367 757 2410 sacre
778 2346 935 2410 unctionis
957 2345 1100 2409 ordinem
1121 2367 1141 2408 a
1154 2344 1252 2408 Ruot-

135 2430 236 2495 lrardo
252 2429 496 2516 archiepiscopo
512 2440 713 2516 acceperunt,
737 2440 769 2494 et
790 2439 863 2515 post
877 2431 1045 2492 missarum
1064 2427 1252 2512 sollempnia

134 2523 253 2578 cuncta
283 2535 365 2600 quae
394 2537 414 2577 a
444 2524 534 2600 patre
561 2513 706 2578 audierat
737 2511 802 2577 filio
835 2523 867 2576 et
896 2513 1019 2576 cunctis
1052 2513 1251 2596 principibus
1261 2537 1278 2574 r.
1290 2536 1324 2576 aa.

136 2598 306 2662 enarravit.
337 2597 485 2682 Cumque
499 2599 591 2681 regni
629 2597 766 2682 rincipes
782 2596 843 2660 hoc
857 2595 1028 2678 audissent,
1044 2595 1252 2660 condixerant

134 2682 307 2746 convenire
318 2681 359 2744 ad
370 2680 588 2766 Ingelenheim
600 2620 629 2745 l)
642 2679 861 2745 Kalendarum
872 2680 998 2743 Ianuar.
1009 2703 1016 2762 3
1030 2680 1141 2765 ibique
1152 2681 1252 2764 impe-

135 2774 223 2829 rator
245 2773 293 2830 est
320 2775 537 2851 presentatum
566 2787 701 2850 regnum
723 2762 789 2828 filio
812 2763 955 2845 tradidit,
984 2773 1081 2850 atque
1110 2765 1252 2827 omnium

135 2849 272 2935 pedibus
287 2848 483 2935 provolutus
497 2850 586 2934 preci
610 2872 649 2914 ue
659 2847 819 2913 cardenali
832 2847 937 2934 legato
949 2846 1142 2933 apostolicae
1158 2847 1251 2930 sedis,

134 2933 283 2999 veniam³
299 2941 331 2997 et
341 2932 571 2998 absolutionem
586 2873 684 2998 banni
705 2932 905 3019 precabatur,
928 2932 1090 3014 confitens²
1105 2954 1138 2996 se
1152 2930 1253 2996 multo

135 3028 283 3102 tempore
297 3018 596 3082 anathematizatum
620 3039 689 3082 esse
711 3039 731 3080 a
751 3040 838 3103 papa
856 3015 1070 3080 Hildibrando
1085 3025 1117 3079 et
1137 3017 1253 3081 iniuste

136 3123 322 3187 supereum
338 3102 539 3166 constituisse
554 3101 757 3168 Wicbertum
778 3123 905 3186 papam,
929 3109 960 3165 et
975 3102 1039 3164 suis
1055 3099 1252 3185 temporibus

136 3207 207 3250 rem
234 3184 397 3270 publicam
426 3186 521 3249 nimis
554 3208 623 3250 esse
655 3186 831 3266 turbatam3
865 3195 896 3249 et
928 3193 1043 3248 cuneta
1076 3205 1158 3270 quae
1191 3182 1253 3248 sibi

137 3268 321 3333 obiecerant
343 3269 504 3334 confessus
527 3279 590 3352 est,
624 3268 875 3417 Q
900 3267 985 3332 idola
983 3267 1253 3358 Qet.

138 3350 327 3417 Cardenalis
349 3364 468 3435 autem,
497 3354 553 3438 qui
580 3355 743 3440 inopmate
770 3375 790 3416 a
862 3341 1027 3417 acolacta
1052 3360 1253 3434 convenerat,

139 3434 269 3517 dicens,
302 3457 336 3500 se
364 3435 450 3500 nullo
478 3436 575 3502 modo
602 3447 668 3501 tarn
696 3458 846 3522 magnam
878 3459 1048 3522 personam
1081 3437 1254 3522 suscipere,

138 3528 272 3619 propter
294 3541 389 3604 quem
410 3529 499 3584 tanta
519 3520 603 3584 mala
624 3523 658 3584 in
679 3531 746 3586 toto
760 3543 859 3605 regno
882 3530 956 3584 sunt
976 3528 1168 3606 perpetrata,
1191 3519 1252 3582 nisi

137 3629 151 3667 1
177 3613 278 3669 semet
306 3601 498 3688 apostolicus
524 3603 699 3669 adveniret.
748 3605 905 3690 Deposito
932 3625 1008 3670 vero
1036 3613 1142 3690 patre,
1170 3600 1253 3666 filius

136 3628 338 3774 blogontiam
351 3709 425 3751 eum
439 3689 530 3772 regni
567 3689 742 3774 rincipibus
756 3691 934 3770 revertitur,
950 3698 981 3752 et
995 3695 1126 3786 propter
1135 3685 1255 3835 mapalia
1278 3691 1284 3703 '

141 3771 367 3836 Werinherum
389 3773 536 3836 comitem
585 3783 744 3837 amersten
763 3773 850 3836 misit
871 3781 902 3837 et
916 3793 1147 3858 nequ1ss1mum
1194 3769 1255 3834 olc-

138 3879 275 3940 marum,
295 3857 350 3944 qui
371 3855 430 3922 fuit
445 3855 643 3920 consiliarius
663 3857 762 3943 patris
784 3867 816 3922 et
838 3857 981 3921 omnium
1005 3853 1160 3922 scelerum
1182 3875 1256 3920 con-

230 4017 253 4071 a)
269 4021 300 4060 ita
315 4021 379 4061 codex
394 4019 513 4070 distinyur't.

237 4150 264 4218 1)
283 4151 447 4206 Bdebelbct'm
467 4153 504 4205 ad
523 4153 639 4206 Nabum.
