3156 4882
429 319 595 374 ANNALES
615 321 975 374 HILDESHEIMENSES.
1228 322 1261 371 11

231 491 419 558 Burghardus,
437 493 544 560 collega
567 495 716 558 Bouilacii,
736 495 925 560 Wiraiburge⁸
946 494 1083 546 ordinatur
1103 496 1261 562 episcopum

140 563 312 617 Willibaldus
332 567 360 616 iu
379 567 510 618 Eicbsteti
529 569 672 634 episcopus
693 561 894 619 consummari.

233 637 425 690 Oarlamanuus
444 655 555 706 regnum
568 639 715 708 temporale
733 657 781 706 pro
796 633 887 692 eterno
906 655 989 710 regno
1010 639 1169 707 despiciens,
1188 639 1263 692 fratri

139 724 250 776 reguum
271 711 421 778 dereliquid
442 718 469 764 et
491 713 602 764 Romam
626 713 662 764 ad
680 713 772 764 limina
791 713 929 765 beatorum
949 713 1129 780 apostolorum
1150 712 1263 765 devotus

138 786 268 850 pervenit,
280 785 372 851 ibique
385 791 535 837 tonsoratus
548 787 686 852 religionis
699 786 819 837 habitum
832 788 958 853 suscepit,
972 792 999 837 et
1010 787 1039 836 in
1049 786 1161 852 Serapte
1172 791 1261 837 moute

139 860 328 909 monasterium
341 857 524 922 aedificavit⁰‚
545 866 571 910 et
583 875 635 911 nou
655 859 839 927 postmultum
852 861 880 909 iu
892 861 1054 910 monasterio
1068 858 1161 910 Sancti
1173 860 1260 910 Bene·

140 928 207 982 ‹lioti
226 931 373 982 monachus
393 931 514 984 efficitur.

231 1003 342 1070 Gripho,
362 1003 445 1054 irater
462 1005 580 1071 Pippini,
599 1006 627 1054 in
647 1005 794 1056 saxoniam
813 1000 951 1070 aufugitd.

230 1077 360 1143 Pippiuue
380 1092 440 1128 cum
459 1079 513 1127 iarn
532 1093 581 1145 per
599 1093 683 1128 annos
704 1078 719 1126 7
739 1083 870 1143 regnaret,
897 1083 993 1142 regnat
1016 1083 1112 1144 postea
1134 1093 1196 1128 aun.
1216 1077 1259 1127 20.

230 1149 360 1216 Pippiuue
384 1151 413 1199 iu
433 1151 576 1202 saxoniam
602 1166 651 1218 per
668 1149 841 1216 Thuringiam
865 1151 1023 1216 ingreditur.
1061 1150 1181 1202 Saxones
1201 1165 1261 1200 cum

138 1220 277 1286 Griphone
290 1221 400 1273 adunati
418 1239 498 1290 super
516 1224 626 1274 fluvium
638 1223 791 1286 Hobaohar,
813 1225 841 1274 iu
859 1223 921 1275 loco
934 1225 980 1290 qui
994 1223 1092 1275 dicitur
1104 1222 1260 1286 Horoheim,
1270 1223 1286 1266 f·
1295 1222 1340 1267 21‘·

140 1291 304 1360 Gripbonem
324 1311 384 1346 cum
403 1296 517 1362 Pippiuo
536 1295 681 1364 pacificare
701 1298 819 1363 cupiunt.

229 1367 306 1418 Idem
320 1367 420 1434 Gripho
434 1385 488 1419 non
505 1369 617 1421 credens
636 1384 665 1420 ae
679 1369 829 1420 Saxonibue
847 1385 935 1435 neque
948 1370 1069 1431 Francis,
1089 1367 1123 1418 de
1144 1369 1262 1420 Saxonia

140 1438 294 1490 Baioariam
313 1443 389 1507 petit.
427 1443 558 1494 Baioaros
578 1447 605 1493 et
622 1441 790 1506 Hiltrudem‚
815 1457 933 1494 sororem
951 1442 1068 1508 Pippini,
1093 1457 1153 1492 cum
1172 1441 1260 1493 Tassi-

142 1510 204 1562 lcue
223 1512 280 1565 filio
299 1513 411 1580 parvulo
430 1515 584 1582 adquisivit.

231 1586 360 1652 Pippiuue
382 1588 411 1637 iu
435 1588 588 1640 Baioariam
611 1603 739 1655 pergens,
766 1587 929 1653 Griphouem
956 1591 983 1637 et
1001 1586 1171 1638 Lantiridum
1197 1585 1261 1637 iude

143 1655 243 1722 educit,
261 1659 428 1711 Tassilonem
449 1661 545 1713 ducem
565 1661 703 1712 constituit
721 1661 831 1712 ibidem.

231 1731 360 1798 Griphcui
379 1735 499 1800 partibus
517 1735 642 1785 Naustrie
664 1733 696 1782 12
722 1735 864 1785 comitatus
884 1732 968 1784 dedit·
1007 1732 1107 1798 (iripbo
1126 1747 1190 1784 vero
1210 1747 1261 1783 nec

138 1816 168 1854 se
186 1803 288 1856 ibidem
308 1805 430 1870 credens,
450 1806 485 1856 ad
504 1807 661 1858 Weiierium
681 1805 778 1858 ducem
797 1807 960 1872 Aquitaniae
980 1821 1009 1856 ae
1030 1805 1151 1856 contulit.

230 1877 308 1930 Anno
329 1879 390 1929 ⁷50.
410 1881 601 1931 incarnationis
621 1879 755 1930 dominice
776 1881 858 1930 mittit
875 1880 1005 1945 Pippiuue
1023 1877 1128 1942 legatos
1147 1879 1262 1930 Romam

139 1947 175 1998 ad
194 1949 353 2002 Zachariam
373 1967 484 2018 papam,
510 1957 540 2003 ut
557 1953 753 2016 interrogarent
773 1953 806 2002 de
826 1951 937 2015 regibus
956 1951 1135 2012 Francorum,
1163 1953 1209 2016 qui
1229 1966 1262 2001 ex

140 2021 242 2087 stirpee
261 2024 339 2088 regia
358 2029 448 2087 erant,
474 2029 502 2074 et
520 2039 598 2089 reges
617 2018 842 2090 appellabanturl
867 2022 1021 2087 nullamque
1047 2027 1208 2088 potestatem
1233 2024 1261 2073 in

140 2107 224 2158 reguo
243 2095 387 2159 habebant,
405 2097 457 2146 uisi
475 2101 579 2147 tautum
598 2095 670 2162 quod
684 2100 775 2146 cartae
795 2101 822 2146 et
841 2095 984 2162 privilegia
1003 2095 1031 2144 in
1043 2095 1150 2145 nomine
1170 2110 1261 2146 eorum

141 2168 393 2232 conscribebantur,
412 2173 571 2235 potestatem
590 2185 654 2220 vero
674 2169 776 2234 regiam
795 2171 900 2236 penitus
919 2166 1021 2218 nullam
1040 2168 1192 2228 habebant,
1212 2167 1261 2219 sed

141 2239 213 2305 quod
238 2242 323 2292 maior
348 2241 441 2293 domus
465 2243 628 2293 Francorum
652 2242 762 2293 volebat
791 2242 844 2292 hoc
868 2241 1014 2292 iaciebant.
1051 2241 1084 2290 ln
1109 2240 1152 2290 die
1171 2247 1260 2292 autem

141 2312 240 2366 Marcis
259 2330 354 2381 campo
374 2314 522 2367 secundum
541 2317 678 2382 antiquam
700 2314 919 2366 cousuetudinem
939 2313 1010 2365 doua
1034 2313 1088 2366 illie
1114 2313 1225 2380 regibus
1244 2330 1261 2364 a

139 2386 239 2452 populo
265 2387 457 2450 offerebantur,
484 2394 512 2440 et
535 2390 593 2456 ipse
618 2404 665 2438 rex
689 2387 803 2440 sedebat
827 2389 856 2438 in
881 2386 949 2439 sella
974 2388 1050 2452 regia
1070 2388 1260 2439 circumstante

138 2462 258 2511 exercitu
278 2466 305 2510 et
323 2462 424 2512 maiore
438 2461 532 2512 domus
552 2476 639 2513 coram
659 2477 700 2512 eo.
731 2461 957 2527 Pracipiebatque
978 2461 1021 2510 die
1035 2459 1082 2512 illc
1100 2459 1230 2526 quidquid
1244 2475 1261 2510 a

140 2530 254 2584 Francis
267 2532 404 2584 decretum
418 2539 484 2595 erat3
500 2534 617 2584 dievero
633 2533 689 2585 alia
704 2537 732 2583 et
748 2533 876 2599 deinceps
887 2533 960 2584 domi
969 2532 1091 2584 sedebat
1116 2533 1261 2583 Zachariae

140 2605 223 2669 igitur
235 2621 307 2672 papa
320 2605 468 2656 secundum
481 2607 669 2658 auctoritatem
683 2605 858 2673 apostolicam
871 2605 906 2656 ad
919 2606 1154 2670 interrogationem
1169 2619 1260 2655 eorum

141 2677 295 2743 respoudit:
314 2677 410 2729 melius
429 2683 512 2744 atque
530 2678 622 2730 utilius
644 2679 696 2730 sibi
714 2677 815 2740 videri,
839 2684 869 2730 ut
893 2677 940 2728 ille
963 2693 1011 2728 rex
1035 2679 1215 2728 nominaretur
1235 2683 1262 2729 et

142 2756 221 2813 esset,
241 2751 288 2816 qui
306 2755 467 2818 potestatem
485 2752 513 2801 iu
526 2767 610 2816 regno
624 2751 751 2814 habebat,
770 2767 849 2817 quam
869 2750 915 2802 ille
935 2752 980 2817 qni
999 2750 1068 2802 falso
1081 2766 1128 2800 rex
1140 2749 1261 2818 appella-

141 2822 228 2875 batur.
260 2823 400 2874 Mandavit
418 2825 510 2890 itaque
523 2825 641 2894 prefatus
659 2824 779 2892 pontifex
797 2825 855 2890 regi
876 2829 903 2876 et
922 2822 1021 2890 populo
1040 2823 1213 2887 Francorum,
1232 2828 1262 2874 ut

141 2895 279 2964 Pippiuue,
299 2898 345 2963 qui
357 2902 491 2964 potestate
503 2899 580 2963 regia
591 2898 724 2963 utebatur,
744 2913 791 2948 rex
804 2896 985 2964 appellaretur
1004 2901 1032 2947 et
1050 2897 1078 2946 iu
1097 2896 1162 2948 sede
1175 2895 1261 2962 regali
1270 2900 1289 2944 t.
1298 2903 1334 2944 22.

142 2971 355 3022 constitueretur.
392 2970 469 3034 Quod
484 2976 511 3022 et
528 2971 629 3022 factum
643 2976 684 3022 est
701 2986 750 3038 per
762 2972 914 3021 unctionem
928 2970 1015 3021 sancti
1028 2969 1160 3020 Bonifaoii
1173 2970 1261 3020 archi·

142 3044 262 3110 episcopi
281 3043 430 3095 suessionis
450 3045 567 3103 civitate.
605 3043 763 3110 Appellatur
780 3044 909 3110 Pippiuue
928 3058 983 3105 rex,
1004 3047 1031 3092 et
1049 3041 1196 3106 Hildricus,
1216 3043 1262 3108 qui

141 3115 209 3168 falso
228 3131 275 3167 rex
295 3115 495 3184 appellabatur,
513 3123 664 3169 tonsoratus
683 3117 711 3167 iu
730 3117 918 3167 monasterium
938 3115 1059 3166 mittitur.

233 3189 362 3256 Pippiuue
380 3205 427 3240 rex
447 3192 592 3243 Saxoniam
615 3190 709 3257 pergit.
746 3189 921 3254 Hildegarius
945 3189 1086 3255 episcopus
1107 3187 1262 3240 Colonensia

143 3279 160 3313 a
179 3261 330 3314 Saxonibus
348 3264 517 3314 interimitur.

234 3334 335 3401 (tripho
360 3335 468 3386 Italiam
494 3337 604 3402 cupiens
629 3340 784 3402 penetrare,
810 3351 827 3384 a
845 3333 1002 3386 Theodcino
1028 3334 1126 3384 comita
1144 3334 1172 3382 in
1191 3331 1262 3383 valle

142 3406 292 3458 Morieruna
310 3409 479 3473 opprimitur;
498 3408 624 3474 idemque
643 3408 814 3460 Theodoinus
832 3409 860 3458 in
879 3409 937 3474 ipso
958 3408 1102 3457 certamine
1121 3404 1261 3456 occiditur.

235 3477 368 3529 Paridem
378 3485 483 3546 tempus
494 3481 646 3547 Stephanus
656 3497 728 3548 papa
734 3482 869 3532 Romanus
880 3481 954 3531 venit
964 3479 998 3529 ad
1007 3479 1149 3546 Pippiuum
1160 3493 1262 3544 regem,

142 3551 281 3621 postulans
294 3550 454 3604 adiutorium
468 3559 495 3604 et
505 3552 686 3604 defensionem
696 3553 824 3604 adversus
834 3552 1019 3604 Heistulfumt
1031 3567 1132 3616 regem,
1146 3565 1178 3602 eo
1190 3551 1262 3616 qnod

143 3640 186 3678 res
205 3625 294 3676 sancti
306 3625 380 3676 Petri
393 3625 540 3676 abstulerat
557 3631 584 3677 et
597 3625 802 3692 depredationes
815 3625 912 3678 multas
925 3624 1098 3690 Langobardi
1116 3623 1262 3674 iaciebant.

235 3697 390 3765 ¹Stephanus
410 3713 480 3765 papa
495 3699 571 3749 unxit
583 3697 650 3750 duos
669 3697 738 3750 lilios
751 3699 859 3766 Pippini
877 3701 905 3749 iu
923 3714 1010 3764 reges,
1024 3696 1131 3748 carlum
1146 3701 1173 3747 et
1186 3695 1261 3748 Carl-

96 3791 100 3798 ·
143 3786 278 3822 mannum.

233 3843 389 3895 Bonilacius
418 3842 635 3910 archiepiscopus
664 3844 853 3910 euangelicam
881 3845 957 3910 genti
975 3844 1122 3894 Freaonum
1150 3841 1262 3892 verbum

143 3915 211 3978 Dei,
235 3917 362 3982 martyrio
382 3921 524 3969 coronatur
548 3931 617 3968 anno
639 3917 706 3980 ⁷553
733 3919 780 3984 qui
805 3917 876 3968 sedit
898 3918 927 3968 iu
953 3917 1110 3982 episcopatu
1134 3929 1196 3965 anu.
1218 3914 1262 3967 13.

144 3987 306 4056 Postquam
325 3987 420 4042 Lullus
440 3991 581 4058 episcopua
601 4005 664 4040 ann.
685 3989 729 4041 ΒΞ.

235 4062 365 4129 Pippiuue
383 4064 412 4113 in
430 4063 537 4114 Italiam
563 4062 711 4130 ingreditur
741 4063 868 4114 iustitiam
894 4063 981 4113 sancti
999 4062 1072 4112 Petri
1097 4059 1133 4110 ad
1155 4061 1262 4128 perqui-

232 4168 255 4222 a)
271 4171 406 4220 wirsibuge
421 4182 439 4211 e.
498 4171 523 4224 b)
540 4173 667 4214 constuitur
681 4183 699 4214 c.
746 4169 767 4223 c)
784 4171 908 4228 gdlvlcavlt
922 4183 939 4213 c.
986 4169 1009 4223 d)
1026 4170 1101 4212 aulult
1115 4181 1132 4210 e.
1184 4168 1206 4221 a)
1223 4179 1262 4210 sx-

146 4228 206 4278 tlrpa
220 4239 238 4271 c.
298 4231 402 4282 oapell.
417 4241 435 4272 c.
494 4231 517 4283 g)
532 4231 674 4272 Heistulsum
688 4241 705 4272 c.
