3156 4882
307 299 341 349 26
598 295 763 348 ANNALES
784 295 1143 348 HILDESHEIMENSES.

305 467 369 528 iam
388 460 517 563 pridem
538 463 729 548 promissam
751 483 918 545 evacuans,
942 464 1104 549 seipsum
1126 483 1199 526 cum
1214 464 1280 528 suis
1303 473 1423 529 etcum
1508 528 1511 534 ,

307 547 450 634 predicta
470 545 550 611 urbe
564 545 806 695 Brennanburg³
819 547 903 693 regis
925 546 1039 611 ditioni
1060 545 1210 612 subdidit.
1253 548 1325 612 Rex
1346 568 1424 614 vero

197 647 298 698 Ast-1⁶·
308 641 454 698 sanctum
484 630 569 694 diem
590 629 708 715 pasche
725 630 759 692 in
807 631 860 714 ng'
875 629 1000 694 enhoim
1020 629 1202 696 celebravit.
1245 631 1288 696 Et
1308 631 1425 696 indea

307 717 471 782 nativitate
493 715 595 779 sancti
615 713 764 778 Iohannis
786 713 945 800 baptistae
968 736 1070 800 usque
1090 714 1124 778 in
1143 715 1172 778 5.
1187 714 1235 778 Id.
1250 715 1423 781 Novembr.

308 823 390 900 pene
401 821 460 884 per
474 819 600 863 omnem
611 807 764 862 aestatem
779 805 810 863 et
824 797 1012 862 adtumnum
1028 799 1155 862 siccitas
1166 799 1265 862 nimia
1276 809 1307 862 et
1318 799 1424 864 fervor

307 883 444 950 mmanis
464 882 537 964 fuit3
559 883 604 947 ita
624 890 660 946 ut
680 880 927 946 innumerabiles
949 881 1057 1028 fruges
1078 903 1143 945 non
1165 883 1368 968 pervenirent
1382 883 1424 946 ad

308 977 373 1033 tem
398 985 547 1030 araneam
570 966 785 1030 maturitatem
812 975 944 1050 propter
973 986 1008 1029 so
1021 966 1048 1028 is
1075 965 1236 1048 ardorem5
1269 989 1331 1052 quo
1359 987 1424 1030 non

309 1073 361 1116 mo
386 1052 470 1113 icum
490 1048 744 1134 subsequebatur
757 1047 797 1112 fii
860 1098 867 1132 ‚
890 1057 922 1114 et
937 1071 1056 1133 magna
1069 1050 1127 1113 nix
1149 1049 1273 1131 cecidit,
1296 1072 1424 1135 magna-

311 1158 372 1222 que
399 1133 498 1219 pestis
526 1132 677 1196 simulet
704 1071 879 1198 mortedibbs
909 1133 1074 1197 hominum
1095 1142 1191 1220 atque
1212 1136 1425 1200 iumentorum

309 1219 424 1284 evenit.
457 1217 501 1280 Et
515 1238 552 1280 eo
568 1238 650 1280 anno
667 1216 812 1282 Saxones
827 1216 930 1282 tribus
944 1217 1069 1282 vicibus
1084 1219 1319 1306 expeditionem
1359 1239 1426 1282 ara-

309 1311 425 1367 verunt
438 1301 472 1364 in
484 1299 615 1365 Sclavos
631 1310 663 1365 et
676 1299 755 1364 nibil
769 1299 985 1386 profecerunt3
1006 1309 1136 1366 econtra
1151 1301 1257 1367 Sclavi
1274 1242 1426 1390 [erebrisr

309 1385 483 1452 latrociniis
505 1383 680 1449 Saxoniam
701 1383 897 1472 fatigabant}

393 1469 465 1535 994.
494 1466 568 1532 Filii
589 1467 722 1533 Henrici
750 1469 889 1550 comitis,
916 1467 1094 1550 Henricus‚
1121 1469 1212 1550 Udo,
1244 1468 1426 1555 Sigiffridus

311 1561 420 1618 contra
445 1561 574 1638 pyratas
599 1553 689 1615 iussu
713 1552 758 1613 im
783 1551 913 1616 aratoris
943 1551 1139 1616 dimicantes.
1182 1553 1236 1617 Ex
1258 1553 1394 1639 quibust
1412 1556 1424 1640 Η

312 1634 561 1724 fflseneburg⁰·1
585 1645 724 1699 castrum
769 1643 783 1697 t
804 1633 964 1698 habitacio
986 1635 1236 1724 monachorum}

711 2193 818 2275 Pars
839 2191 1019 2274 secundo

682 2339 831 2423 genuino
864 2347 892 2400 et
925 2359 1054 2402 coaevo.

235 2517 302 2562 sss.
396 2497 468 2562 995.
490 2495 583 2558 Rexd
604 2491 779 2557 Abodritos
800 2495 946 2576 vastavit,
968 2493 1063 2558 urbes
1090 2505 1121 2560 et
1143 2497 1263 2582 oppida
1290 2496 1427 2580 disiecit3

313 2580 513 2665 occurritque
540 2580 574 2642 in
600 2575 755 2642 auxilium
778 2576 922 2641 Bolizlau
950 2576 1033 2641 filius
1060 2578 1181 2644 Misaoo
1213 2603 1286 2644 cum
1312 2601 1429 2665 magno

313 2665 464 2746 exercitu,
479 2684 603 2726 necnon
617 2661 773 2725 Boemani
788 2682 861 2724 cum
875 2660 940 2724 filio
956 2659 1084 2726 alterius
1098 2663 1243 2728 Bolizlau
1257 2673 1428 2749 venerunt3

312 2749 495 2894 recepitqpe
518 2768 551 2810 se
573 2767 632 2808 rex
653 2746 687 2806 in
703 2743 878 2808 Saxoniam
901 2766 973 2808 cum
996 2748 1139 2811 exercitu
1159 2747 1319 2812 incolumi.
1357 2746 1430 2811 Bal-

313 2831 419 2895 dricus
477 2829 670 2893 raeiectensis
699 2829 868 2913 episcopus
900 2827 994 2910 obiit,
1022 2833 1238 2917 successitque
1259 2830 1429 2895 Ansfridus

235 2963 236 2966 η
312 2913 411 2979 laicus
439 2923 471 2978 et
499 2933 605 2976 comes
631 2912 735 2976 bonae
757 2909 861 2976 famae
882 2912 1031 2998 vitaeque
1052 2913 1202 2980 honestae
1211 2927 1233 2996 θ,
1264 2923 1300 2978 ut
1329 2913 1369 2978 de
1391 2935 1429 2980 eo

313 2998 401 3084 apud
428 3019 507 3084 quos
534 2996 659 3061 vixerat
687 2995 793 3060 testati
820 3004 903 3061 sunt.
956 2996 1114 3062 Iohannes
1147 3019 1209 3084 quo
1233 3020 1272 3062 ue
1299 2996 1431 3063 Placen-

314 3085 398 3149 tinus
430 3091 462 3146 et
492 3079 705 3145 Bemwardus
728 3077 1000 3165 Wirciburgensis
1037 3083 1181 3167 episcopi
1208 3019 1431 3147 donsnntino-

313 3165 429 3252 polimf
448 3187 491 3228 ex
511 3163 609 3228 latere
630 3164 725 3248 regis,
748 3172 784 3227 ut
805 3184 955 3248 sponsam
977 3162 1023 3228 illi
1044 3165 1119 3230 inde
1140 3175 1293 3251 peterent,
1317 3165 1430 3230 directi

315 3257 397 3314 sunt.
440 3247 555 3331 Legati
577 3247 672 3310 etiam
694 3244 888 3330 apostolicae
904 3247 988 3311 sedis
1004 3269 1077 3311 oum
1092 3250 1300 3314 unanimitate
1316 3248 1430 3312 Roma-

313 3353 428 3396 norum
449 3340 544 3416 atque
559 3328 843 3415 Langobardorum
865 3353 974 3416 rogem
988 3331 1124 3396 Romam
1145 3333 1290 3398 invitant.
1333 3331 1431 3398 Hein-

313 3417 399 3480 ricus
421 3413 658 3501 potentissimus
682 3413 749 3476 dux
771 3413 1003 3496 Baioariorum,
1033 3437 1105 3480 cum
1127 3439 1314 3502 germanam
1341 3439 1431 3482 suam

315 3499 477 3564 dominam
505 3495 622 3583 Gerbir
644 3499 696 3561 am
728 3495 878 3562 diuturno
910 3496 1063 3584 languore
1095 3501 1263 3586 probatam
1290 3502 1433 3566 visitaret

315 3581 528 3664 Gandeshem
554 3583 584 3646 b.
639 3579 678 3644 ad.
702 3579 899 3665 Septembris
921 3603 995 3646 cum
1017 3605 1134 3668 magno
1157 3584 1266 3650 dolore
1288 3587 1430 3648 omnium

315 3666 403 3733 obiit.
447 3665 557 3732 Sclavi
577 3663 735 3750 frequenti
755 3665 931 3752 irruptione
955 3666 1130 3732 Saxoniam
1154 3677 1289 3734 vastant.
1332 3667 1431 3732 Bern-

374 3818 396 3872 a)
412 3829 431 3860 c.
447 3819 463 3860 l.
480 3817 504 3860 S.
520 3819 537 3860 f.
553 3819 728 3859 mannestando
743 3819 768 3859 in
783 3820 829 3859 loco
844 3831 904 3868 raso,
920 3819 944 3860 tn
958 3820 1021 3859 euius
1030 3820 1077 3871 flua
1093 3850 1166 3864 .....
1183 3831 1222 3862 nm
1238 3821 1350 3862 subicitur
1358 3820 1432 3870 factm

316 3879 406 3918 videtur.
436 3878 545 3918 Numerus
560 3878 610 3918 994.
626 3888 693 3918 mona
705 3879 786 3928 prima.
866 3877 890 3930 b)
906 3879 938 3918 itu
953 3879 977 3918 in
987 3879 1034 3930 fine
1046 3879 1142 3930 papinus
1156 3891 1173 3919 c.
1204 3881 1237 3919 m
1252 3880 1365 3920 Lambarto
1380 3890 1431 3930 sup·

313 3937 424 3987 panorm:
439 3947 499 3978 unus
515 3938 613 3989 occisus,
630 3937 674 3976 dno
690 3941 744 3978 runt
759 3937 829 3987 capti.
928 3935 949 3988 e)
965 3938 1043 3978 litteris
1058 3937 1181 3978 sodalibus
1195 3938 1269 3978 rubris
1283 3943 1308 3978 ut
1322 3949 1392 3989 supra
1408 3940 1432 3978 in

315 3996 360 4036 loco
375 4006 443 4036 vocuo
458 3997 530 4036 relicto
542 4001 593 4046 post
608 3995 658 4037 odd.
720 3996 744 4047 d)
760 3997 816 4036 anui
831 3992 1173 4046 sos-sat.'ooamaooserspu
1233 3995 1256 4049 a)
1270 3998 1292 4040 h.
1306 4021 1333 4030 -
1343 3999 1434 4040 vixerat

314 4055 339 4094 tn
354 4055 399 4094 loco
414 4065 466 4094 roso
482 4055 554 4095 audam
569 4065 642 4094 manu.
702 4053 721 4107 s)
738 4055 933 4097 constantinoltm
949 4055 1026 4096 exlate
1042 4057 1103 4104 rogis
1120 4067 1137 4096 r.

391 4173 417 4236 1)
437 4169 576 4238 Ilsanburq
596 4171 776 4226 adorientem
796 4172 943 4226 Goslarim.
