3156 4882
275 361 314 410 VI
556 361 723 410 ANNALES
743 361 1101 413 HILDESHEIMENSES.

279 525 357 592 Cum
372 549 447 591 uero
464 528 563 590 hu'us
579 527 756 591 chronicon
769 526 992 611 fundamento
1011 531 1157 612 positum
1178 530 1329 610 uiderim,
1351 553 1390 594 ea

275 621 401 674 tantum
424 612 468 674 ad
524 611 734 694 ersfeldenses
756 610 930 694 referenda
952 613 1037 676 duni
1058 635 1141 696 quae
1164 615 1203 676 ab
1225 613 1283 678 illo
1305 636 1389 678 rece-

276 695 368 776 dunt,
390 718 491 781 eaque
512 693 628 759 litteris
650 693 750 759 latius
764 697 887 780 positis
909 697 1057 759 indicari
1069 696 1152 778 feci.

358 779 440 846 Inde
463 803 484 842 a
499 779 665 856 Mauricio
685 781 881 864 imperatore
901 782 1042 864 scriptor
1057 781 1220 846 Isidorum
1234 781 1391 867 relinquit

276 873 304 926 et
322 886 437 949 panca
459 864 552 927 addit
579 885 618 926 erc
640 864 735 927 Beda
756 867 873 948 petita,
897 886 979 949 quae
1000 863 1150 928 similiter
1171 863 1318 929 Annales
1339 865 1391 929 illi
1448 865 1452 874 ’

275 948 501 1032 suppeditasse
514 949 683 1028 uidentur;
700 969 801 1030 aeque
812 947 923 1012 Bcdae
939 949 1115 1013 chronicon
1129 951 1198 1034 ipsi
1214 951 1259 1013 ad
1272 973 1391 1014 manns

203 1071 218 1108 μ
264 1031 377 1116 fuisse
393 1033 554 1117 putarim,
577 1034 726 1114 quamvis
747 1055 812 1096 uno
836 1032 948 1096 saltem
969 1031 1037 1096 loco
1059 1035 1130 1118 ejus
1144 1035 1314 1120 vcstiqium
1336 1035 1389 1097 de-

272 1116 473 1200 prehendere
495 1117 577 1179 mihi
597 1115 739 1179 ridear1.
782 1115 956 1180 Praeterea
977 1117 1138 1181 nonnulla
1159 1120 1284 1197 inserit,
1333 1141 1389 1182 uo·

275 1200 483 1283 rumfontem
499 1200 664 1282 indaqare
680 1201 813 1285 nequivi
822 1211 843 1280 ²,
859 1223 983 1264 necnon
999 1201 1184 1286 catuloqum
1194 1140 1390 1287 pontistqcum

275 1285 499 1348 Romanorum
528 1307 549 1346 a
571 1266 757 1348 Sabiniano
785 1306 885 1368 usque
909 1286 954 1348 ad
977 1283 1130 1370 Scrqium
1154 1285 1193 1348 ab
1220 1286 1316 1349 editis
1340 1285 1389 1349 di-

275 1392 412 1432 versum.
434 1368 511 1432 Post
524 1367 602 1431 haec
619 1367 768 1452 subjicit:
783 1367 959 1466 Hucusque
973 1368 1191 1432 Romanorum
1207 1369 1390 1454 principum

274 1462 366 1536 gesta
381 1460 412 1515 et
426 1450 611 1536 pontificum
626 1451 768 1515 Romans
783 1449 937 1516 aecclesie
952 1453 1179 1516 enarravimus
1217 1455 1297 1518 Moe
1316 1476 1389 1518 uero

267 1537 300 1622 f.
319 1536 596 1601 19‘.‘Francornm
617 1537 763 1621 sequitur
783 1537 922 1600 historia
944 1537 1022 1600 inde
1045 1560 1065 1598 a
1080 1537 1220 1622 Pippini
1241 1547 1389 1622 tempore,

277 1621 470 1684 adverbum
495 1642 534 1684 cn
557 1620 744 1684 Annalibus
771 1621 935 1704 descripta
956 1620 1227 1684 Laurissensibus
1254 1623 1389 1686 minori-

276 1703 344 1767 bus.
388 1705 469 1768 Iade
498 1727 519 1766 a
535 1703 570 1788 f
586 1703 636 1766 23.
659 1727 761 1768 novus
782 1705 902 1790 incipit
924 1706 1096 1788 quaternio
1121 1705 1191 1768 alia
1211 1727 1313 1769 manu
1335 1727 1388 1769 eu-

261 1797 403 1867 aratus,
419 1810 482 1872 quo
497 1790 706 1852 narrationis
713 1787 811 1868 filum
826 1791 1040 1852 continuatur
1046 1811 1058 1870 ,·
1074 1789 1141 1873 etf.
1153 1789 1215 1852 262
1230 1789 1390 1853 librarius

275 1872 337 1953 hic,
353 1872 447 1936 nulla
460 1873 577 1936 addita
592 1873 719 1954 notitia,
736 1872 775 1936 ab
787 1870 973 1936 Annalibus
984 1873 1255 1936 Laurissensibus
1269 1874 1391 1936 transit

276 1957 322 2020 ad
344 1979 395 2020 eos
418 1979 497 2041 quos
520 1955 763 2040 Hersfeldenses
779 1959 858 2042 jure
882 1957 1039 2021 dicamus.
1083 1958 1208 2022 Eorum
1223 1956 1391 2042 encmplar

275 2042 416 2105 manime
438 2064 510 2104 curn
533 2063 566 2105 eo
590 2043 761 2105 convenire
784 2041 870 2126 quod
896 2043 933 2105 in
955 2040 1145 2105 Annalibus
1171 2039 1388 2115 Quedlinbur-

275 2125 428 2210 pensibus
442 2147 630 2210 cupressum
644 2125 789 2188 videmus
810 2134 953 2206 constat,·
976 2149 1043 2190 non
1058 2135 1164 2191 tamen
1180 2150 1252 2190 cnm
1265 2125 1390 2189 Perteio

274 2231 473 2273 communem
485 2209 615 2292 fontem
637 2208 865 2272 Halbcrstudii
887 2231 1085 2293 quaeramus
1108 2219 1259 2295 oportet³.
1303 2207 1391 2272 Sunt

277 2315 361 2376 quae
386 2293 525 2356 suadere
546 2295 675 2376 possint
700 2302 735 2355 ut
755 2301 945 2374 statuamus,
973 2303 1107 2377 praeter
1127 2297 1217 2376 ipsos
1243 2290 1388 2438 Herqsel-

277 2375 390 2441 denses
416 2379 512 2440 etiam
539 2377 596 2440 hoc
623 2376 898 2442 Hildesheimense
927 2375 1093 2460 enemplar
1123 2401 1144 2440 a
1172 2375 1311 2450 Quodlin
1334 2399 1389 2439 ur-

277 2463 370 2546 qcnsi
392 2483 458 2524 esse
480 2463 719 2544 enscriptum⁴;
747 2463 802 2526 scd
831 2484 870 2525 ne
892 2463 940 2525 ita
963 2461 1091 2548 quidem
1118 2481 1238 2524 corum·
1253 2461 1388 2526 necessi-

275 2545 355 2610 tudo
378 2548 460 2610 satis
485 2545 649 2630 enplicari
672 2568 769 2629 posse
797 2547 935 2610 uidetur.
982 2545 1069 2610 Certe
1093 2545 1389 2624 Hildesheimensis,

299 2631 336 2692 ui
357 2628 541 2693 Annalibus
563 2629 834 2694 Laurissensibus
856 2631 941 2694 nihil
959 2630 1036 2714 fere
1066 2629 1213 2710 addidit,
1244 2625 1389 2714 Hersfel·

277 2652 390 2777 denses
406 2714 531 2776 notitiis
547 2713 593 2775 ad
607 2713 773 2776 ecclesiam
788 2738 881 2778 snam
903 2714 1122 2798 spectantibus
1139 2715 1242 2793 annii,
1264 2735 1390 2780 necnon

279 2796 360 2859 alter
381 2798 525 2882 ejusdem
545 2799 697 2880 temporis
718 2799 826 2861 scriba
848 2799 1009 2881 quaedam
1032 2799 1160 2882 adjecit,
1181 2799 1322 2860 manime
1345 2797 1389 2860 ad

278 2881 462 2944 coenobium
487 2879 779 2944 Gandesheimense
801 2883 982 2965 spectantia
992 2890 1013 2942 ⁵.
1060 2879 1140 2944 Alia
1161 2901 1250 2960 aero,
1278 2903 1387 2965 caque,

278 2973 313 3027 ut
334 2965 478 3046 uidetur,
505 2966 677 3029 recentiori
701 2988 812 3046 manre,
833 2964 949 3028 litteris
965 2964 1158 3048 plerumque
1185 2962 1389 3049 majusculis,

277 3049 354 3113 inde
377 3049 417 3112 ab
435 3050 542 3133 operis
564 3050 661 3113 initio
677 3050 839 3134 quaedam
862 3057 938 3112 sunt
959 3050 1085 3112 inserta
1107 3069 1190 3133 quae
1205 3049 1298 3112 modo
1315 3047 1387 3111 Hil-

277 3133 524 3197 desheimensem
536 3135 706 3214 ciuitatem,
721 3133 814 3197 modo
826 3131 1054 3196 Floriacense⁶
1070 3141 1099 3196 et
1110 3131 1389 3216 Ilscnebnrqense²

278 3218 487 3297 monasteria,
534 3226 678 3280 raeterea
693 3239 767 3280 uero
789 3240 840 3280 res
856 3218 1013 3300 antiquas
1028 3226 1056 3280 et
1077 3215 1294 3302 lonqinquas⁸
1317 3225 1389 3278 tan-

278 3310 369 3386 qunt.
412 3300 480 3364 Fol.
517 3300 565 3363 5³.
582 3325 612 3362 a.
628 3300 700 3364 994.
723 3302 758 3364 in
773 3302 881 3365 media
896 3302 1054 3364 sententia
1072 3303 1249 3383 primaeva
1269 3299 1391 3363 desinit

278 3407 410 3464 manus,
448 3406 532 3468 quae
568 3384 668 3468 huq‘us
703 3387 855 3470 temporis
886 3383 1025 3448 indolem
1059 3385 1160 3465 habet,
1193 3405 1293 3468 neque
1325 3383 1390 3446 An·

279 3467 369 3532 noles
392 3466 635 3551 Hersfeldenses
664 3467 752 3530 ultra
781 3469 867 3532 hunc
897 3490 1022 3532 annum
1044 3469 1249 3533 continuatos
1268 3466 1389 3552 fuisse,

282 3550 634 3638 Quodlinburqensium
663 3554 864 3636 comparatio
893 3552 1032 3636 probat,·
1056 3552 1091 3636 f.
1117 3553 1190 3634 35¹³,
1222 3551 1392 3616 nonnullis

371 3677 398 3745 1)
424 3677 454 3728 V.
468 3675 569 3728 Julium
590 3675 736 3728 Gaesarem.
813 3677 840 3741 2)
862 3676 900 3744 CJ
916 3679 1076 3744 pracsertim
1094 3695 1163 3745 quae
1182 3678 1214 3729 de
1233 3677 1303 3728 mille
1322 3677 1391 3727 mili·

278 3749 346 3801 tibus
367 3769 384 3801 a
403 3751 513 3802 Romulo
533 3751 617 3802 clectis
635 3751 724 3814 refert.
817 3749 846 3817 3)
867 3749 988 3815 SSJIJ,
1002 3770 1033 3818 p.
1051 3754 1092 3802 19.
1131 3751 1222 3816 Neque
1242 3749 1301 3801 aliis
1327 3750 1392 3802 haec

277 3824 406 3875 sententia
415 3823 527 3889 placuit.
586 3822 615 3889 4)
636 3821 674 3890 of.
686 3825 843 3890 praesertim
856 3842 923 3891 quae
937 3843 962 3876 a.
973 3826 1036 3877 872.
1050 3826 1082 3876 de
1096 3824 1257 3875 dedicatione
1271 3821 1392 3874 ecclesiae

279 3896 308 3948 S.
323 3897 428 3948 Mariae
441 3897 469 3946 in
481 3895 645 3947 Hitdeeheim
658 3897 764 3948 uberius
782 3899 811 3948 in
823 3899 894 3952 Anu.
907 3897 1011 3963 uostris,
1031 3898 1134 3950 breuius
1147 3897 1176 3947 in
1191 3896 1284 3958 Quedl.
1304 3897 1392 3964 lequa-

280 3977 336 4031 tur,·
356 3979 499 4036 praeterea
518 3988 543 4020 a.
557 3969 618 4020 989.
639 3971 671 4021 de
693 3969 797 4039 Osdaqo
820 3973 937 4038 episcopo
955 3980 1066 4034 mortuo,
1091 3970 1213 4036 Gerdaqo
1233 3970 1392 4031 succedente,

278 4044 396 4110 ipsorum
419 4044 478 4096 sede
503 4061 556 4095 non
581 4042 709 4095 indicata.
751 4045 828 4097 Anno
847 4063 909 4098 aero
929 4047 991 4096 992.
1017 4045 1095 4095 ctiam
1109 4044 1194 4109 plura
1216 4061 1296 4108 qnam
1315 4041 1392 4092 Hild.

276 4116 404 4183 praebent
420 4117 512 4178 Quadi.
532 4117 564 4169 de
584 4117 702 4184 Gerdaqi
720 4127 809 4171 morte.
885 4116 914 4181 ὅ)
934 4135 960 4168 a.
976 4118 1038 4168 926.
1060 4117 1130 4179 9275
1150 4117 1212 4168 924.
1289 4114 1318 4182 6)
1338 4115 1393 4167 Sub

279 4189 434 4256 imperatore
452 4191 591 4243 Eraclone.
668 4189 697 4258 l)
717 4208 742 4242 a.
757 4193 817 4245 994.
893 4189 922 4258 8)
944 4190 1099 4242 Caracallae
1119 4198 1247 4256 tempore:
1267 4189 1394 4256 Neapolis

280 4265 415 4318 tundatur.
