3156 4882
325 342 361 392 62
613 342 780 395 Annuus
799 344 1158 400 HILDESHEIMENSES.

326 509 428 593 duxit,
443 519 479 575 ut
492 509 630 576 natalem
643 513 777 576 Domini
786 511 971 600 Radispone
986 513 1191 580 celebrarent.
1213 515 1292 580 Post
1305 512 1443 578 natalem

325 617 403 660 vero
425 595 558 660 Domini
584 597 716 660 nuncios
737 598 872 661 Romam
894 597 1024 680 direxit,
1053 622 1188 698 querens
1210 597 1378 664 consilium
1401 598 1442 662 ab

324 677 499 766 apostolico
510 691 642 767 propter
651 681 872 763 iuramentum,
889 681 976 769 quod
989 691 1073 768 patrr
1084 684 1252 766 iuraverat,
1266 703 1443 769 numquam

325 784 361 828 se
381 785 517 848 regnum
539 765 608 830 sine
637 765 705 828 eius
730 764 859 830 licentia
886 779 917 831 et
938 789 1097 832 consensu
1118 769 1311 832 invasurum.
1354 765 1442 850 Apo-

324 847 455 912 stolicus
481 857 586 914 autem
615 857 651 912 ut
678 849 801 914 audivit
828 850 910 914 inter
938 861 1062 936 patrem
1085 851 1236 917 etlilium
1259 851 1441 932 discidium,

329 954 461 1018 sperans
482 933 561 997 haec
581 932 687 997 aDeo
710 934 863 1016 evenisse,
885 935 1051 1000 mandavit
1072 937 1102 1000 ei
1116 935 1325 1021 apostolicam
1346 935 1442 999 bene-

324 1016 498 1081 dictionem
524 1039 583 1102 per
609 1015 835 1084 Gebehardum
866 1017 1143 1084 Constantienscm
1171 1021 1372 1105 episcopum,
1401 1017 1441 1083 de

323 1098 380 1165 tali
401 1102 570 1165 commisso
593 1100 654 1165 sibi
674 1103 862 1187 promittens
878 1101 1111 1168 absolutionem
1126 1106 1158 1166 in
1180 1104 1300 1168 iudicio
1322 1103 1441 1184 futrum,

324 1185 352 1248 si
371 1183 467 1250 vellet
488 1186 591 1249 iustus
612 1207 671 1250 rex
693 1185 891 1272 gubernator
905 1210 975 1252 esse
997 1186 1180 1270 aecclesiae,
1203 1209 1286 1274 quae
1331 1209 1365 1252 er
1386 1209 1440 1250 ne-

323 1266 530 1354 gligentiama
551 1270 651 1354 petris
673 1273 723 1334 sui
744 1270 911 1336 deturbata
932 1280 980 1337 est
994 1271 1093 1337 multo
1115 1281 1269 1358 tempore.
1348 1293 1391 1334 ox
1405 1281 1442 1335 ut

323 1351 517 1438 apostolicae
538 1352 769 1420 consolacionis
783 1356 884 1421 verba
904 1357 1051 1443 percepit
1070 1366 1102 1422 et
1116 1357 1214 1421 banni
1229 1353 1440 1420 solutionemb

322 1457 343 1500 a
358 1436 508 1584 (plredioto
530 1438 692 1538 episcopo,
714 1439 880 1504 castellum
902 1441 989 1526 quod
1009 1451 1145 1505 vocatur
1158 1439 1364 1504 Nuorenberc
1386 1438 1441 1504 ob-

322 1543 357 1586 se
383 1522 405 1584 't
433 1533 465 1586 et
493 1543 569 1586 suae
598 1521 712 1587 ditoni
744 1525 881 1610 subegit.
923 1526 968 1590 At
988 1535 1080 1610 pater
1100 1546 1194 1589 mane
1217 1533 1380 1610 comperto
1402 1525 1438 1588 'se

346 1606 485 1670 rivatum
498 1605 574 1688 filio,
589 1607 689 1670 nimio
701 1607 809 1674 dolore
822 1609 961 1673 constrin
986 1611 1049 1673 itur
1060 1618 1092 1674 et
1102 1609 1287 1696 Mogontiae
1301 1605 1441 1672 natalem

358 1691 457 1788 omini
485 1689 701 1755 celebraturus
729 1694 908 1758 revertitur.
963 1631 1054 1758 dbia
1084 1693 1243 1758 Iohannes
1277 1692 1438 1778 Spirensis

323 1795 341 1837 e
366 1793 433 1836 rsco
458 1795 506 1838 us.

343 1794 365 1857 p
405 1795 476 1921 [dd.
500 1859 550 1940 12,
572 1859 664 1924 1105.
708 1859 823 1924 Statim
868 1869 918 1924 ost
931 1861 1135 1948 epiphaniam
1155 1859 1279 1946 legatos
1301 1859 1436 1924 direxit¹

321 1938 517 2023 Bawariam,
548 1941 771 2008 Coloniensem
798 1944 831 2009 vi
854 1943 946 2010 elicet
974 1955 1005 2010 et
1026 1946 1255 2011 Treverensem
1284 1943 1439 2033 archiepi-

321 2045 437 2110 scopos
464 2036 496 2090 et
524 2024 640 2092 ducem
660 2027 866 2094 Pnedcricum
894 2040 925 2095 et
952 2028 1109 2094 Erlolfum
1137 2027 1376 2108 cancellarium,
1411 2029 1439 2092 si

319 2109 496 2256 quomodo
535 2122 641 2176 ossent
653 2111 860 2178 reconciliare
881 2136 955 2178 eum
964 2125 985 2178 ².
1021 2112 1122 2178 Filius
1137 2137 1214 2178 vero
1228 2113 1436 2200 respondens,

332 2201 445 2276 atetur,
467 2217 490 2257 n
535 2196 698 2260 aratione
720 2197 751 2260 ei
772 2200 1008 2262 communicare
1030 2220 1139 2282 posse,
1168 2197 1231 2262 nisi
1251 2199 1340 2283 prius
1362 2220 1437 2283 pur-

319 2287 450 2360 garetur
476 2280 817 2344 excommunicationis
845 2301 946 2363 noxa,
980 2303 1043 2366 qua
1071 2281 1126 2345 diu
1157 2282 1324 2346 tenebatur
1352 2280 1438 2346 sedis

318 2361 513 2444 apostolicae
529 2383 671 2427 censura.
714 2362 849 2426 Nunciis
870 2385 948 2427 vero
969 2365 1116 2446 reversis,
1138 2365 1198 2429 iter
1220 2387 1313 2428 suum
1335 2365 1437 2430 multa

320 2447 492 2510 comitante
519 2455 647 2511 caterva
674 2445 791 2512 direxit
819 2447 1007 2533 Turingiam
1033 2447 1075 2510 ad
1101 2447 1208 2512 locum
1237 2449 1293 2535 qui
1319 2448 1437 2512 dicitur

317 2527 523 2616 Erphesfurt3
545 2529 602 2595 ubi
616 2531 767 2596 decenter
788 2531 985 2596 aRuthardo
1000 2531 1055 2596 Mo
1081 2533 1209 2597 ontinae
1224 2531 1310 2596 sedis
1332 2533 1434 2596 archi·

223 2639 280 2693 apr.
289 2617 469 2704 aepiscopo
492 2617 680 2702 suscipitur,
709 2625 740 2682 et
767 2614 888 2682 ibidem
909 2615 995 2682 diem
1046 2555 1201 2681 almorum
1228 2627 1259 2682 et
1288 2627 1436 2682 sanctum

224 2701 440 2788 spr.s.pascha
465 2702 499 2764 in
525 2699 761 2780 Quidelenbure
791 2701 974 2766 clebravit.
1045 2701 1077 2766 'o
1107 2701 1265 2788 siquidem
1292 2712 1436 2787 tempore

317 2784 448 2848 advenit
467 2783 650 2869 patriarcha
670 2783 710 2848 de
731 2725 898 2869 Aquileia,
920 2807 985 2864 eos,
1007 2787 1035 2850 si
1061 2785 1130 2849 fieri
1152 2795 1270 2870 posset,
1293 2785 1433 2882 compla-

317 2867 413 2932 candi
434 2869 555 2952 gratia,
578 2867 704 2948 dicens,
730 2888 796 2930 non
816 2869 933 2932 audere
955 2867 1017 2932 sibi
1039 2869 1289 2948 communicare,
1314 2869 1376 2930 nisr
1398 2889 1433 2930 se

314 2949 412 3016 vellet
421 2951 494 3016 Deo
504 2973 595 3016 reum
609 2971 839 3034 recognoscere
851 2961 883 3015 et
897 2951 984 3014 omni
994 2972 1093 3034 regno
1108 2949 1285 3033 humiliare,
1300 2951 1433 3036 insuper

316 3045 348 3102 et
368 3037 531 3101 Romanae
554 3033 623 3100 sedi
644 3035 678 3098 in
699 3035 846 3099 omnibus
869 3033 1007 3100 obedire.
1050 3035 1199 3098 Timebat
1220 3035 1316 3118 enim,
1338 3058 1379 3100 ne
1402 3045 1434 3100 et

247 3141 307 3182 sor.
315 3123 423 3207 ipsum
444 3122 513 3185 eius
534 3120 647 3185 astutis
669 3119 869 3184 sermonibus
891 3117 1062 3203 deciperet,
1085 3119 1179 3183 sicuti
1201 3130 1323 3184 ceteros
1339 3129 1433 3184 antea
1469 3149 1473 3160 ·

318 3228 353 3270 se
378 3229 395 3270 e
421 3204 546 3269 delusit.
599 3203 691 3267 Idem
717 3203 899 3289 patriarcha
927 3213 1073 3268 sanctum
1105 3202 1224 3290 pascha
1251 3204 1436 3290 Mogontiae

318 3228 507 3374 cplebravit,
535 3296 567 3352 et
591 3297 665 3386 post
685 3287 820 3372 pascha,
849 3286 1034 3352 muneribus
1063 3287 1104 3352 ab
1134 3309 1171 3352 eo
1194 3289 1364 3375 susceptis,
1394 3288 1436 3353 ad

340 3372 449 3458 ropria
469 3382 633 3437 remeamt.
676 3373 755 3436 Post
779 3371 899 3458 pascha
919 3391 996 3434 vero
1023 3370 1107 3436 filius
1130 3370 1264 3438 Goslare
1289 3377 1378 3439 venit
1404 3383 1436 3438 et

314 3395 363 3522 dt
392 3455 540 3556 generale
567 3453 760 3541 colloquium
786 3477 861 3519 cum
891 3453 1050 3520 Saxoniae
1078 3455 1278 3542 principibus
1310 3458 1433 3538 habuit,

318 3540 454 3628 qualiter
467 3541 532 3607 Dei
553 3539 709 3604 adiutorio
732 3550 764 3605 et
785 3561 895 3604 eorum
911 3539 1053 3604 omnium
1068 3540 1200 3606 consilio
1223 3563 1283 3607 sua
1304 3541 1435 3608 deberet

319 3625 468 3691 ordinare
490 3635 523 3691 et
542 3622 729 3690 aecclesiam
743 3623 847 3688 modis
870 3623 1017 3689 omnibus
1030 3624 1181 3690 violatam
1201 3647 1339 3712 purgare
1361 3633 1394 3690 et
1414 3647 1434 3688 a

314 3711 468 3775 scissione
483 3711 525 3776 ad
539 3711 691 3774 unionem
705 3707 933 3796 redintegrare.
976 3709 1078 3773 Affuit
1093 3711 1190 3774 etiam
1205 3733 1243 3775 su
1267 3711 1430 3774 radictus8

315 3792 566 3860 Constantiensis
582 3795 763 3880 episcopus,
785 3793 896 3858 domni
916 3814 1000 3880 pape
1015 3803 1203 3880 cooperator
1217 3733 1431 3878 fidelissimus

315 3880 371 3966 qui
392 3902 502 3966 regem
524 3889 556 3944 et
577 3901 687 3944 omnes
709 3900 785 3943 suos
806 3876 847 3942 ab
863 3879 1205 3944 excommunicationis
1219 3877 1347 3944 vinculo
1371 3878 1430 3945 sol-

404 4084 427 4140 a)
443 4087 489 4127 otta
500 4086 572 4136 perric
585 4097 664 4127 mnus
678 4085 702 4126 ta
717 4086 799 4126 etarta-
808 4091 832 4126 at
846 4086 929 4126 videtur
944 4095 1005 4126 rasa.
1066 4083 1090 4136 b)
1107 4085 1246 4126 soletlonem
1261 4097 1278 4126 c.

408 4253 437 4321 1)
455 4253 552 4308 scilicet
569 4253 722 4321 imperator.
797 4228 829 4320 2)Ι
837 4252 927 4320 filium
946 4253 1111 4306 Haemum.
1186 4251 1216 4320 3)
1237 4271 1262 4304 a.
1285 4256 1364 4306 1104.
