3156 4882
469 285 637 338 ANNALES
656 285 1014 338 HILDESHEIMENSES.
1264 290 1299 340 37

183 452 280 518 cessit
300 453 342 517 ad
357 450 505 518 abbatiae
527 452 713 538 dignitatem
728 449 900 518 Rdnorros
915 452 1099 517 ΒοΡΡοΗιεθι
1113 454 1298 532 monachus,

183 535 330 602 coenobii
361 535 517 602 Stabulon
552 537 748 684 prepositus,
785 556 805 598 a
837 557 901 622 quo
939 535 1140 622 imperatoris
1172 538 1300 604 decreto

182 619 263 684 inibi
284 629 406 686 mutata
427 629 475 684 est
495 641 609 684 monac
633 620 685 682 ica
706 618 912 684 consuetudo.

265 702 337 767 Ind.
362 705 417 786 15,
448 705 538 769 1032.
590 702 801 768 Ohuonradus
833 704 1006 788 imperator
1036 703 1141 768 natale
1166 705 1300 769 Domini
1308 726 1325 765 r.
1335 727 1371 766 rr.

185 786 322 868 Gosleri,
344 786 467 874 pascha
480 808 558 853 vero
574 785 777 872 Seliganstad
799 785 982 852 celebravit.
1025 787 1099 851 Hoc
1120 810 1204 852 anno
1222 788 1398 860 Ber-span

185 870 288 936 briem
310 871 352 936 ob
374 871 628 935 inmanissimam
658 869 825 935 tirannidis
847 891 923 934 suae
945 871 1091 935 sevitiam
1119 893 1139 934 a
1160 873 1241 954 suis,
1270 880 1302 936 ct

186 955 283 1020 etiam
304 977 370 1019 non
391 956 458 1018 sine
479 953 612 1030 fratrum
627 974 759 1018 suorum
774 953 1017 1036 machinatione,
1040 955 1226 1020 interfectus
1243 964 1300 1020 est.

187 1038 254 1104 Sed
265 1037 391 1102 Miseko
406 1038 512 1102 statim
527 1037 657 1102 domum
671 1037 779 1119 rediit;
803 1039 859 1124 qui
873 1058 1077 1124 cognoscens,
1093 1037 1156 1102 sibi
1170 1048 1303 1124 propter

186 1121 418 1186 inmoderatam
439 1123 489 1185 sui
510 1120 720 1203 insolentiam,
743 1143 839 1218 quam
860 1121 1019 1206 prioribus
1034 1122 1126 1184 annis
1148 1124 1294 1186 exercuit

188 1207 296 1269 omnia
318 1227 400 1292 quae
420 1227 591 1290 perpessus
621 1214 670 1270 est
689 1213 803 1268 mento
826 1205 983 1288 evenisse,
1013 1203 1135 1292 legatos
1163 1229 1237 1270 suos
1259 1171 1303 1269 ad

188 1290 413 1374 imperatorem
441 1288 611 1354 destinavit
643 1297 832 1374 tempusque
864 1298 965 1352 semet
996 1289 1201 1373 presentandi
1229 1310 1302 1353 con-

187 1372 347 1458 digneque
369 1371 583 1437 satisfaciendi
603 1371 785 1458 postulavit.
828 1371 872 1434 Et
892 1372 1096 1458 postmodum
1110 1373 1302 1458 imperatore

187 1457 402 1521 consentiente
423 1455 594 1541 Mersburg
621 1457 709 1520 venit
735 1467 767 1520 et
793 1464 894 1519 semet
912 1455 995 1519 Non.
1016 1455 1079 1520 Iuli
1104 1458 1138 1519 in
1166 1458 1303 1542 impera-

187 1541 302 1604 toriam
332 1547 539 1625 potestatem,
570 1561 706 1604 coronae
735 1537 858 1604 scilicet
878 1560 917 1602 ac
938 1540 1041 1603 tocius
1062 1538 1189 1624 raegalis
1211 1563 1302 1604 orna-

187 1625 286 1688 menti
307 1622 433 1704 oblitus,
456 1621 617 1688 humiliter
638 1622 735 1688 dedit.
779 1622 884 1704 Quem
910 1623 1085 1708 imperator
1105 1622 1301 1706 clementius,

186 1706 1153 1855 latretttffittffl’tttttttttttuttttttt’
1174 1707 1303 1854 dili?

189 1882 276 1981 quod
296 1839 366 1967 ipsd
388 1813 496 1947 adden
517 1814 630 1966 podtea
651 1813 737 1944 solus
758 1882 873 1945 iterum
895 1813 1161 1966 sibipusurpavil.
1206 1839 1302 1946 (ldal3

185 1988 271 2029 ncus
287 1987 373 2046 vero,
395 1965 508 2028 eodem
522 1963 623 2048 regali
637 1965 777 2026 iussione
791 1964 954 2044 invitatus,
969 1966 1078 2028 venire
1096 1966 1302 2049 contempsit3

209 2071 283 2112 uem
304 2049 477 2132 imperator
497 2058 609 2132 postca
629 2046 806 2128 wirbeni1,
826 2044 884 2109 ubi
905 2054 1015 2110 contra
1034 2047 1188 2111 Liutizios
1216 2049 1302 2132 paci-

186 2071 307 2196 dcandi
337 2132 428 2214 regni
460 2131 565 2215 gratia
596 2129 755 2211 consedit,
791 2129 833 2193 ad
865 2152 898 2194 se
930 2132 1110 2195 venientem
1142 2141 1174 2194 et
1204 2131 1302 2194 etiam

185 2215 308 2280 ratione
331 2215 522 2296 convictum,
545 2213 584 2278 de
606 2213 730 2277 insidiis
752 2235 897 2300 quoque,
924 2235 1003 2299 quas
1025 2215 1088 2299 ipsi
1115 2215 1302 2299 imperatori

185 2299 276 2377 fecit,
311 2307 385 2362 ante
420 2296 585 2362 biennium
621 2297 817 2379 confessum,
854 2298 888 2360 in
920 2296 1053 2361 exilium
1088 2299 1300 2363 transmisit³*.

186 2381 370 2469 sigifrithus
391 2380 746 2466 Mimigardevordensis
775 2379 947 2445 aecclesiae
975 2380 1084 2466 presul
1112 2384 1141 2446 5.
1160 2381 1296 2446 Kalend.
1306 2385 1322 2430 f·
1332 2390 1377 2430 ⁴⁷⁶·

184 2467 340 2532 Decemb.
369 2465 456 2530 obiit.
511 2464 574 2530 Oui
591 2465 816 2528 Herimannus
843 2462 994 2528 Coloniae
1022 2465 1202 2550 prepositus
1231 2487 1301 2529 suc·

186 2550 292 2614 cessit.
334 2548 467 2612 Liebizo
488 2547 798 2631 Hammaburgensis
826 2546 932 2610 archie
957 2548 1085 2633 iscopus
1111 2549 1141 2611 8.
1162 2547 1299 2612 Kalend.

186 2630 385 2718 Septembris
411 2628 499 2694 obiit.
543 2629 606 2694 Oui
632 2629 849 2694 Hcrimannus
875 2629 928 2694 Ha
962 2631 1144 2694 erstatensis
1173 2629 1301 2695 cenobii

184 2715 368 2802 prepositus
400 2715 561 2778 successit.
623 2712 776 2777 Amolfus
804 2712 909 2792 abbas
941 2713 1177 2799 Herocampiae
1220 2714 1301 2780 obiit

184 2801 238 2866 {ab
268 2797 341 2862 Kal.
370 2796 438 2862 lan.
472 2807 504 2862 et
530 2797 571 2862 ad
594 2795 762 2882 Gellingp²
795 2796 954 2882 sepultus,
987 2818 1052 2882 qua
1087 2807 1164 2861 tunc
1196 2799 1301 2882 gratia

183 2881 336 2947 manendi
349 2878 523 2964 habitavit;
547 2880 604 2946 sed
617 2879 692 2945 inde
707 2891 781 2967 post
794 2891 859 2945 tres
874 2880 943 2946 dics
957 2881 1169 2967 totidemquec
1187 2892 1299 2946 noctes

183 2965 341 3031 deductus
369 2965 424 3028 ,ta
452 2965 597 3030 deterre
619 2964 764 3046 effossus,
794 2986 836 3028 ex
856 2974 1008 3064 precepto
1030 2965 1082 3028 sui
1106 2967 1300 3030 successoris

183 3051 221 3115 R.
231 3061 273 3097 Μ
288 3047 471 3114 Herfcldiae
492 3049 527 3112 in
548 3046 682 3113 ecclesia
704 3049 805 3112 sancti
820 3047 1008 3112 Michahelis
1029 3056 1078 3112 est
1098 3048 1297 3113 tumulatus‘.

182 3134 260 3220 Wig
284 3154 357 3197 erus
378 3131 535 3217 presbiter
555 3143 588 3198 et
607 3133 788 3218 prepositus
810 3132 840 3196 5.
855 3130 928 3195 Kal.
949 3130 1070 3218 Aprilis
1093 3131 1181 3197 obiit.

304 3215 335 3279 d.
366 3217 398 3296 1,
430 3216 521 3280 1033.
567 3215 617 3280 Im
642 3224 747 3280 erator
775 3213 880 3279 natale
905 3215 1039 3280 Domini
1066 3214 1297 3298 Patherbrune‚

181 3299 302 3386 pascha
314 3298 482 3385 Neumago
503 3301 579 3384 egit.
652 3301 799 3364 taestivo
820 3308 963 3384 tempore
977 3299 1200 3385 Burgundiam
1222 3320 1407 3374 cumam-,ra

182 3392 326 3456 exercitu
352 3411 543 3476 properans,
570 3365 728 3472 ddonem,
750 3391 807 3455 diu
828 3389 891 3456 sibi
910 3393 1123 3476 resistentem,
1146 3393 1201 3477 qui
1223 3414 1296 3456 ean-

184 3474 259 3539 dem
279 3474 444 3558 regionem
466 3473 528 3537 sibi
549 3484 660 3538 contra
679 3475 880 3560 imperatoris
907 3474 1103 3540 voluntatem
1132 3476 1296 3560 tyrannice

182 3565 411 3644 usurpaverat,
441 3557 570 3622 obvium
598 3559 752 3642 suscepit3
780 3559 984 3657 acceptisque
1013 3561 1054 3624 ab
1086 3580 1124 3623 eo
1153 3558 1193 3622 de
1214 3579 1296 3644 pace

181 3641 368 3706 iuramentis
396 3649 428 3704 ct
449 3639 623 3720 obsidibus,
645 3640 779 3726 pacifice
800 3642 904 3706 rediit.
946 3641 1071 3706 Eodem
1093 3642 1190 3706 etiam
1211 3663 1295 3706 anno

177 3725 221 3790 ad
242 3721 407 3789 castellum
421 3722 581 3788 Wirbine¹
596 3722 776 3809 Liudgerus
805 3747 912 3790 comes
941 3734 973 3790 et
993 3725 1135 3790 Thiedof
1150 3735 1183 3790 et
1206 3725 1296 3791 Wol-

268 3870 578 3925 s)1>opp.sorr.nopp.c.
629 3864 662 3920 ι’)
678 3869 819 3910 transmissit
833 3881 851 3911 a.
896 3867 921 3920 b)
936 3871 964 3913 V.
980 3869 1020 3910 11.
1035 3871 1086 3910 Ian.
1101 3870 1126 3910 ia
1140 3881 1208 3920 mara
1225 3870 1296 3912 sedem

179 3941 247 3970 mna
261 3939 280 3973 e.
363 3927 385 3980 c)
400 3928 547 3976 todtdcmqne
563 3931 642 3968 noctes
658 3928 730 3967 adem
744 3939 812 3968 mana
823 3933 874 3978 post
889 3928 940 3968 cdd.
956 3939 974 3973 c.
1056 3926 1080 3980 d)
1092 3933 1143 3978 poss
1158 3929 1208 3971 add.
1225 3929 1297 3970 eadem

180 3999 247 4028 mass
262 3999 280 4030 c.
341 3985 363 4039 e)
380 3988 404 4027 ἐπ
418 3998 487 4037 marr.
503 3985 553 4026 aaa.
569 3997 588 4026 c.
647 3983 707 4037 Ota
722 3986 768 4026 loco
783 3997 835 4026 raso
851 3997 869 4027 e.

274 4083 302 4149 1)
328 4082 434 4135 Werbso
459 4079 496 4132 ad
518 4077 633 4134 Albium.
751 4078 781 4147 2)
807 4080 946 4150 Gblls‘apsa
976 4081 1013 4134 ad
1041 4080 1190 4148 erpcram
1209 4099 1296 4149 prope

178 4155 388 4210 Francoborom.
463 4154 492 4218 3)
511 4153 627 4222 liudolfi.
