3156 4882
422 263 587 333 Anninus
607 281 966 336 nrunasnnrnnnsss.
1219 287 1254 338 aa

227 445 325 519 aPost
358 467 431 509 uem
442 445 560 528 Bruno,
575 447 673 513 frater
682 448 839 513 Frideriei
850 449 983 530 comitis,
998 448 1251 534 Nienburgensis
1261 467 1276 512 f.
1287 468 1327 510 ⁴⁹·
1423 505 1426 510 .

140 536 175 592 et
188 467 513 612 Maegethdburgensis
528 531 637 612 abbas,
660 531 860 596 subintravit.
888 531 1003 596 Eidem
1018 553 1095 597 vero
1109 532 1253 600 Brunoni

139 612 176 673 in
197 611 362 698 Nienburg
384 611 566 696 Absumus,
598 615 633 677 in
663 614 884 700 philosophica
915 624 982 680 arte
1010 615 1253 702 eruditissimus,

142 693 322 760 Herfeldiae
343 697 534 782 prepositus,
563 699 618 784 qui
639 698 700 763 fuit
720 699 840 765 ibidem
861 709 954 762 antea
976 697 1081 763 scolae
1101 702 1255 786 magister

138 777 386 860 famosissimus,
408 783 570 846 suecessit.
612 781 652 846 In
672 781 914 868 Maegetheburg
939 791 1046 846 autem
1068 782 1184 848 Sidaec
1212 786 1252 851 de

138 861 250 926 eadem
273 861 408 926 eeclesia
429 862 546 929 electus
567 865 777 931 substituitur.
813 866 938 930 Eodem
958 887 1042 930 anno
1064 866 1253 934 Thiedrious

138 965 247 1010 eomes
270 945 469 1010 orientalium
490 970 510 1011 a
524 947 678 1014 militibus
695 949 889 1036 AEggihardi
910 948 1102 1014 marchionis
1124 952 1158 1014 in
1203 975 1252 1018 ro-

162 1029 209 1092 rio
232 1029 380 1094 eubiculo
402 1030 476 1094 fieta
490 1031 678 1097 salutatione
694 1034 939 1114 circumventus,
960 1034 994 1096 in
1016 1032 1089 1097 dolo
1113 1035 1162 1099 13.
1244 1082 1251 1099 .

136 1053 328 1178 iieoembris
350 1114 516 1180 occiditur.
559 1114 659 1179 Cuius
674 1115 859 1201 dignitatem
880 1115 1009 1180 honoris
1029 1117 1145 1200 Dium,
1167 1117 1252 1184 filius

136 1199 222 1278 eius,
260 1196 410 1280 obtinuit,
443 1199 498 1298 qui
520 1209 632 1284 postea
653 1179 767 1282 donn,
807 1199 995 1265 Willihelmi
1036 1200 1251 1285 Turingorum

136 1281 273 1366 pretoris
294 1281 437 1363 viduam,
459 1305 493 1345 1n
514 1285 718 1368 coniugiumb
741 1285 862 1347 aseivit.
905 1283 995 1348 Hezo
1018 1283 1176 1382 palatinus
1199 1306 1252 1349 eo-

137 1386 205 1428 mes
226 1384 246 1426 a
267 1386 325 1427 sua
346 1365 526 1429 ooneubina
546 1369 675 1432 nomine
697 1367 895 1452 Tiethburga
915 1388 1032 1432 venem
1059 1367 1191 1452 poculo,
1214 1377 1250 1432 ut

132 1447 243 1529 fertur,
265 1447 480 1529 defraudatus,
502 1451 596 1536 periit
616 1450 764 1516 flebiliter
785 1461 938 1531 mortuus,
961 1461 993 1515 et
1013 1449 1054 1514 ad
1069 1449 1250 1536 Augustam
1315 1502 1317 1508 .

134 1551 223 1605 trans
248 1548 366 1604 ortatus
402 1549 434 1606 et
464 1541 498 1604 in
533 1541 688 1606 aeeclesia
720 1543 821 1608 saneti
852 1518 995 1606 (idalrioi
1025 1551 1074 1606 est
1105 1564 1139 1606 se
1164 1543 1250 1608 ultus

137 1627 186 1690 16.
242 1623 279 1688 al.
302 1625 394 1688 Iunii.
416 1665 459 1674 -
479 1623 685 1691 Ekberthus⁰
707 1648 814 1691 eomes
835 1627 865 1690 5.
886 1625 959 1689 Kal.
981 1623 1107 1712 Appril.
1128 1565 1217 1691 obiit.

218 1707 288 1774 Ind.
304 1711 333 1788 3,
358 1709 448 1773 1035.
493 1707 704 1773 Ohounradus
725 1711 899 1795 imperator
912 1710 1111 1774 nativitatem
1128 1708 1248 1775 Christi

132 1812 208 1854 eum
230 1791 455 1856 decentissima
477 1813 608 1856 suorum
633 1792 887 1878 frequentatione
909 1791 1043 1858 Goslare
1066 1791 1248 1872 celebravit.

133 1874 208 1954 Quo
230 1875 367 1939 adeum
388 1876 585 1939 diversarum
600 1877 742 1959 gentium
764 1876 862 1960 legati
884 1897 957 1938 eum
972 1877 1157 1940 muneribus
1175 1898 1249 1940 oon-

134 1967 303 2038 venerunt3
333 1958 389 2042 qui
409 1958 501 2038 inde,
528 1969 565 2022 ut
592 1960 830 2042 imperatoriam
857 1960 1057 2022 maiestatem
1079 1980 1098 2021 o
1125 1960 1248 2024 ortebat

133 2041 336 2114 remunerati,
358 2040 513 2104 abierunt.
561 2041 628 2104 Ubi
657 2043 752 2105 etiam
780 2039 923 2126 predicto
945 2040 1063 2104 domno
1123 2065 1325 2109 nnvvrnoms‘.

132 2121 281 2188 abbatiae
303 2123 490 2206 dignitatem
511 2125 577 2187 ini
602 2125 645 2187 sis
665 2125 737 2189 Kal.
758 2125 900 2188 Ianuarii
920 2124 1163 2188 commendavit.
1204 2124 1248 2190 Et

133 2205 378 2287 Ohuonradum,
407 2205 549 2272 Alberioi
577 2147 692 2291 dlium,
721 2207 816 2272 exilio
842 2229 931 2272 reum
952 2207 1126 2272 maiestatis
1148 2207 1247 2306 depu-

132 2291 221 2354 tavit.
275 2289 434 2375 Tempore
463 2290 751 2376 quadragesimali(¹
780 2291 857 2356 urbs
880 2290 1021 2357 Wirbini
1042 2313 1062 2355 a
1082 2291 1246 2355 Luitizris⁰

131 2374 258 2459 eapitur
279 2382 311 2437 et
338 2373 512 2458 presidium
528 2375 623 2439 Daedi
646 2377 771 2440 comitis
794 2375 957 2458 captivum
979 2373 1151 2438 diducitur.
1194 2375 1245 2438 In-

132 2456 281 2522 cendium
303 2457 517 2538 Degarensis¹
542 2461 727 2523 monasterii
754 2457 1023 2522 alternaret.
1067 2459 1116 2521 Im
1142 2466 1371 2521 aratorumne.

130 2539 251 2625 paseha
271 2539 498 2604 Paderbrunne
519 2540 653 2606 feriavit.
696 2541 925 2604 Ascensionem
948 2541 1080 2603 Domini
1102 2481 1331 2625 Sbliganssuars.

130 2623 219 2704 stad,
248 2631 454 2708 pentecosten
482 2645 559 2687 vero
580 2623 772 2708 Bavenberg
793 2624 872 2708 egit,
901 2622 986 2687 unde
1008 2623 1244 2709 expeditionem
1253 2647 1301 2687 nn
1312 2648 1347 2688 ra

129 2727 223 2769 suam
237 2707 271 2768 in
285 2705 460 2770 Liutiziose
483 2707 565 2770 serio
579 2707 752 2771 mandavit.
794 2707 845 2772 Ibi
860 2707 956 2772 etiam
969 2706 1145 2771 Heinrieho
1166 2710 1245 2792 regi,

129 2789 196 2853 filio
210 2789 421 2874 imperatoris,
435 2787 500 2852 filia
511 2789 618 2855 Ohnut
631 2792 716 2888 regis
726 2791 894 2854 Danorum
909 2790 1095 2854 iuramentis
1110 2791 1245 2875 despon-

128 2882 227 2937 satur.
270 2873 314 2936 Et
330 2872 406 2938 Otto
422 2873 461 2937 de
478 2870 649 2938 Suinvdrdi
669 2874 790 2938 ibidem
804 2873 999 2954 Mathildem,
1021 2872 1119 2938 filiam
1134 2873 1244 2942 Bolez·

127 2957 253 3020 lavonis
271 2954 477 3020 Polianorum
499 2956 610 3039 duois,
637 2957 698 3021 sibi
719 2959 935 3042 desponsavit.
978 2958 1157 3042 Imperator
1171 2979 1244 3021 eum

128 3039 324 3104 validissimo
354 3040 496 3104 exercitu
523 3043 687 3125 regionem
712 3041 942 3105 Liutiziorumf
967 3041 1112 3123 intravit3
1146 3062 1243 3126 quam

128 3123 223 3208 longe
237 3121 363 3222 lateque
378 3123 533 3187 incendiis
548 3133 580 3187 et
593 3122 873 3209 populationibus&
888 3123 1073 3191 devastavit.
1117 3124 1243 3189 Eodem

124 3229 212 3271 anno
243 3206 458 3270 Herrmannus
486 3207 797 3292 Hammaburgensis
823 3206 1084 3293 metropolitanus
1114 3231 1155 3272 ex
1182 3206 1243 3272 hae

128 3291 196 3353 vita
216 3291 374 3374 migravit.
413 3289 454 3352 .In
477 3291 568 3354 euius
589 3290 696 3356 locum
716 3291 979 3356 Aunnsnnnnush
1000 3294 1107 3377 regius
1135 3290 1241 3376 eapel·
1308 3340 1314 3356 .

127 3372 220 3436 lanus
241 3373 380 3456 intravit.
424 3373 489 3453 Qui
518 3395 591 3438 oum
614 3396 740 3439 summo
768 3396 896 3438 suorum
919 3375 967 3438 sui
990 3396 1031 3438 ue
1053 3375 1242 3459 conprovin-

125 3454 251 3521 tialium
272 3453 390 3538 gaudio
405 3478 425 3518 a
439 3457 504 3519 suis
526 3457 733 3543 suffraganeis
754 3480 771 3522 e
795 3459 913 3543 iseopis
929 3457 985 3521 sab
1009 3467 1061 3522 ato
1076 3469 1148 3522 ante
1163 3457 1241 3521 nati·

126 3541 261 3604 vitatem
284 3537 411 3620 Christi,
434 3539 468 3602 in
487 3539 598 3624 vigilia
618 3541 719 3606 saneti
740 3480 863 3605 'deme
884 3540 1030 3626 apostoli,
1058 3541 1241 3626 prespiterii
1250 3561 1308 3604 nee.
1320 3563 1360 3606 ao.

125 3623 281 3688 bonorem
307 3631 339 3686 et
366 3622 400 3684 in
421 3623 592 3687 erastinum
620 3622 834 3708 pontificalem
855 3625 1087 3774 promotionem
1117 3623 1242 3722 aooepit

126 3705 310 3772 honorifice.
354 3704 539 3791 Opperthus
553 3705 864 3792 Elevangensiuma
886 3706 944 3772 bas
966 3707 1055 3773 obiit.
1091 3706 1152 3772 Oui
1166 3705 1314 3771 R1h-r.oo.

218 3885 241 3939 a)
257 3889 305 3928 ttae
320 3888 344 3928 in
358 3899 415 3928 aeuo
437 3888 578 3938 maurone
592 3888 780 3937 attemperatum
794 3887 866 3928 littera
878 3887 986 3938 partitur.
1046 3884 1072 3938 1))
1088 3886 1205 3926 sonivium
1220 3897 1239 3928 a

128 3942 152 3995 o)
168 3945 218 3984 tore
230 3951 280 3996 post
295 3948 370 3986 addita
385 3948 491 3991 videatur.
537 3944 561 3998 d)
577 3947 785 3996 quodrageoelmali
800 3957 818 3986 o.
856 3945 878 3998 e)
894 3948 926 3985 aa
941 3957 959 3986 r.
1004 3943 1206 3995 ohtutiaolorum
1220 3955 1240 3988 o.

124 4000 153 4054 ε)
169 4005 326 4054 populationis
340 4017 359 4048 c.
419 4005 443 4060 h)
459 4005 628 4048 Buznomvs
643 4006 668 4046 ia
682 4016 760 4058 mora,
775 4005 851 4044 littero
864 4005 923 4046 ΒΕΖ
938 4004 1034 4045 atram

223 4151 251 4218 1)
275 4153 424 4222 Teperaaoe.
