3156 4882
443 272 611 325 ANNALES
631 271 991 325 HILDESHEIMENSES.
1241 273 1275 325 5⁷

158 439 343 508 ceciderunt
369 438 459 505 multi
481 438 659 522 vulnerati,
690 448 722 504 et
748 441 834 524 regis
863 440 1044 505 exercitus·
1070 441 1203 506 minime
1229 442 1351 510 eisrroe.

158 534 284 614 poterat
303 522 476 611 prevalere.
520 523 667 622 Cumque
712 545 747 590 cr
759 531 823 588 tres
838 522 1033 590 ebdomadas
1054 524 1100 590 ibi
1114 521 1267 590 resideret

161 618 193 675 et
223 607 310 674 nulla
342 631 416 695 spes
446 608 508 674 sibi
536 544 722 694 acqmrendi
751 616 851 691 esset,
884 609 1003 673 amovit
1032 613 1208 675 exercitum
1235 573 1277 674 ad

160 695 377 781 Aquasgrani3
400 693 574 758 eratenim
597 701 681 757 estas
696 713 824 776 magna,
847 700 879 756 et
899 715 956 778 pre
978 693 1077 758 nimio
1099 691 1199 762 fetore
1213 715 1278 757 non

159 786 285 877 poterat
306 777 466 842 exercitus
481 774 617 862 amplius
638 776 791 840 sustinere
811 773 980 842 laborem.»
1008 775 1150 864 Contigit
1170 786 1277 843 autem

161 862 288 928 interim
313 861 539 946 imperatorem
560 859 682 925 Leodio
710 870 887 958 egrotass03
914 871 946 926 et
974 860 1146 946 perductus
1174 883 1276 948 usque

159 945 201 1010 ad
215 955 360 1028 mortem,
383 942 539 1008 Kalendis
554 945 690 1031 August.
713 943 798 1009 diem
816 942 964 1008 ultimum
980 943 1111 1028 clausit3
1133 943 1276 1030 gladium
1285 967 1345 1019 sur.
1357 970 1379 1014 1.

162 1038 194 1094 et
215 1029 374 1111 diadema,
398 1051 479 1129 quae
502 1027 608 1093 adhuc
630 1049 738 1093 secum
760 1026 907 1109 habebat,
929 1028 995 1093 filio
1011 1051 1069 1094 suc
1084 1030 1180 1111 misit,
1202 1052 1277 1094 cum

156 1111 374 1196 Erkenbaldo,
395 1111 581 1178 fidelissimo
595 1111 776 1177 kamerario
790 1132 859 1194 suo,
875 1121 907 1178 et
920 1111 1107 1178 Burchardo
1122 1115 1277 1199 episcopo

159 1196 199 1262 de
219 1197 432 1278 Monesterel,
455 1219 551 1284 quem
573 1205 648 1260 tunc
662 1197 808 1260 vinctum
828 1195 974 1280 tenebat3
996 1196 1223 1284 mandavitque
1238 1198 1277 1280 ei,

159 1289 195 1345 ut
217 1280 365 1346 omnibus
386 1282 513 1347 veniam
536 1280 627 1346 daret
647 1290 679 1346 et
699 1279 880 1365 indulgeret
902 1281 957 1366 qui
987 1302 1094 1346 secum
1123 1282 1156 1344 in
1176 1302 1277 1367 angu-

160 1365 229 1431 stiis
258 1366 325 1430 suis
351 1375 590 1452 permanerent;
623 1375 655 1430 et
680 1387 807 1450 rogans,
831 1386 904 1428 eum
936 1366 1032 1430 etiam
1062 1364 1155 1451 Spire
1186 1366 1278 1429 iuxta

159 1459 310 1536 parentes
339 1471 413 1514 suos
441 1448 584 1535 sepelire.
627 1449 699 1514 Rex
720 1470 797 1513 vero
827 1451 934 1513 statim
962 1450 1152 1514 convocavit
1179 1449 1276 1514 adse

158 1534 321 1634 principes
347 1534 439 1620 regni
468 1543 500 1598 et
529 1533 634 1620 querit
661 1532 702 1597 ab
733 1533 779 1597 eis
801 1531 986 1615 consilium,
1015 1532 1092 1620 quid
1114 1533 1154 1597 de
1176 1535 1291 1619 patris.

160 1639 220 1682 exe
244 1619 305 1682 u1is
334 1627 418 1682 esset
446 1617 598 1682 facturus.
640 1617 721 1681 Erat
749 1617 834 1682 enim
860 1615 1024 1700 humatus,
1057 1617 1140 1681 sicut
1166 1639 1276 1702 regem

159 1700 237 1766 dece
260 1712 303 1784 at,
325 1703 353 1766 si
374 1711 454 1788 aput
468 1702 576 1767 Deum
598 1702 774 1784 meruisset,
796 1711 876 1787 aput
898 1700 1050 1766 Sanctum
1065 1701 1275 1767 Lantbertum

157 1785 279 1851 Leodio
300 1785 476 1851 honorifice
497 1787 715 1886 abepiscopo,
739 1786 794 1872 qui
816 1807 942 1884 semper
963 1785 1026 1851 sibi
1047 1785 1153 1868 extitit
1173 1785 1276 1852 fidelis

156 1870 190 1934 in
213 1869 371 1935 omnibus.
414 1872 506 1934 Tunc
534 1871 697 1956 principes
718 1870 811 1952 regni
837 1867 900 1932 sibi
922 1867 1078 1934 dederunt
1098 1869 1275 1954 consilium,

156 1963 193 2018 ut
213 1955 402 2040 preciperet,
425 1975 500 2017 eum
521 1954 627 2035 effodi,
648 1974 689 2017 ne
712 1963 795 2017 esset
823 1953 857 2014 in
886 1952 998 2018 eadem
1028 1955 1190 2017 sentencia
1211 1975 1276 2039 qua

158 2048 259 2122 pater,
281 2039 308 2100 si
329 2035 409 2100 ullas
432 2037 494 2102 sibi
515 2037 634 2102 faceret
655 2037 825 2124 exequias,
853 2045 885 2099 et
913 2036 947 2099 in
975 2036 1086 2101 aedem
1115 2058 1179 2100 non
1201 2059 1276 2102 oon·

159 2130 316 2185 sacratam
343 2120 432 2184 illum
459 2131 593 2207 poneret
621 2131 653 2186 et
677 2121 814 2185 Romam
846 2120 982 2184 nuncios
1008 2121 1148 2185 mitteret
1176 2130 1208 2185 et
1233 2121 1274 2186 ab

156 2204 331 2304 apostolico
353 2205 453 2270 banni
474 2204 687 2287 solucionem,
718 2206 746 2268 si
766 2205 837 2269 fieri
859 2214 976 2304 posset,
999 2205 1060 2270 sibi
1081 2205 1124 2268 im
1149 2213 1274 2271 etraret

158 2291 278 2375 Srcque
298 2289 419 2354 factum
441 2299 497 2373 est,
521 2299 555 2354 ut
576 2289 783 2376 prediximus,
806 2299 838 2354 et
858 2311 892 2353 m
914 2288 1075 2375 quandam
1133 2311 1207 2355 osae
1228 2291 1275 2353 in-

156 2371 259 2438 sulani
280 2382 329 2438 cst
349 2375 482 2460 positus,
504 2372 692 2461 nullumque
708 2373 852 2438 divinum
868 2372 1009 2438 officium
1024 2371 1156 2438 ulterius
1178 2395 1275 2459 super

155 2480 230 2522 eum
252 2457 451 2541 estfactum,
473 2458 536 2521 nisi
550 2458 822 2522 lerosolimitanus
845 2455 976 2544 quidam
998 2456 1173 2521 monachus
1196 2478 1274 2521 casu

154 2543 243 2606 venit
264 2551 295 2606 et
309 2542 371 2607 sibi
386 2541 438 2606 die
452 2550 623 2628 noctuque,
644 2564 682 2605 us
706 2542 842 2605 uadum
864 2539 908 2604 ibi
925 2540 1038 2622 stabat,
1060 2539 1275 2605 indesinenter

155 2623 366 2710 spalmodiam
387 2627 546 2691 cantabat.
597 2625 660 2690 Pro
676 2564 782 2689 dolor!
824 2624 921 2705 Quod
935 2646 1088 2710 umquam
1109 2622 1181 2688 talis
1203 2647 1273 2710 per·

156 2730 235 2773 sona
256 2709 301 2773 ita
322 2711 438 2774 meruit
458 2710 588 2774 tractari
608 2731 629 2773 a
648 2707 714 2774 filio
731 2730 789 2772 suo
812 2717 844 2772 et
857 2731 877 2772 a
898 2709 989 2792 regni
1009 2705 1219 2794 principibus,
1242 2717 1274 2773 et

155 2793 218 2856 nisi
238 2791 366 2859 adesset
386 2793 470 2858 idcio
493 2793 611 2876 divina,
632 2815 835 2879 nequaquam
855 2794 890 2856 in
912 2793 1063 2856 extremis
1086 2793 1151 2856 suis
1173 2793 1204 2856 ei
1225 2792 1272 2856 sic

156 2879 306 2942 eveniret.
348 2878 427 2942 Post
455 2879 535 2943 haec
587 2877 686 2943 lacuit
705 2879 791 2962 regi,
818 2886 855 2940 ut
904 2884 1004 2942 atrem
1026 2898 1120 2940 suum
1143 2875 1271 2963 Spiram

154 2961 300 3044 deferret,
323 2971 374 3026 et⁶
395 2963 542 3048 precepit
556 2899 596 3026 <le
614 2961 774 3048 aliquibus
795 2961 871 3024 fam‘
897 2959 1007 3024 aribus
1030 2961 1106 3042 suis,
1129 2961 1270 3024 maxime

154 3043 373 3124 ErkanbaldO,
419 3047 453 3109 ui
474 3068 601 3132 semper
620 3047 655 3109 in
676 3045 831 3132 angustiis
853 3045 918 3108 suis
941 3045 1002 3109 sibi
1023 3043 1212 3126 adherebat,
1235 3053 1270 3108 ut
1279 3065 1346 3109 ror.

154 3127 216 3194 sibi
236 3127 312 3194 illuc
340 3069 488 3215 preberet
514 3128 712 3194 famulatum.
757 3128 904 3216 Oumque
926 3129 956 3193 3.
977 3126 1060 3192 Non.
1085 3127 1173 3214 Sept.
1195 3125 1270 3193 illuc
1278 3150 1340 3204 sept.
1352 3153 1385 3196 a

152 3211 267 3278 allatus
288 3222 387 3296 esset,
417 3212 508 3278 solito
530 3235 618 3278 more
643 3213 865 3280 defunctorum
887 3212 1033 3298 exequiis
1056 3211 1228 3278 honorifice
1250 3235 1271 3278 a

153 3295 237 3360 clero
250 3307 282 3360 et
295 3295 417 3384 populo
432 3299 605 3383 suscipitur
619 3307 651 3363 et
663 3301 697 3362 in
709 3297 871 3364 basilicam
888 3307 1015 3362 sanotae
1026 3295 1157 3377 Mariae,
1173 3318 1270 3383 quarn

153 3401 279 3443 summo
312 3380 417 3444 studio
445 3391 683 3464 construxerat,
714 3382 914 3469 portabatur3
947 3379 1068 3445 idcireo
1101 3381 1270 3466 episcopus

152 3463 319 3528 interdixit
346 3462 446 3528 ullum
471 3464 612 3530 divinum
642 3464 689 3531 ibi
711 3464 872 3532 celebrare
894 3465 1044 3546 officium,
1073 3464 1175 3529 donec
1195 3486 1270 3549 pur-

152 3557 305 3635 garentur
325 3549 367 3614 ab
388 3546 450 3612 hoc
470 3548 571 3631 fact03
594 3558 625 3614 et
647 3551 693 3613 sic
707 3560 799 3615 extra
813 3550 1041 3614 monasterium
1063 3547 1140 3613 fecit
1153 3569 1270 3634 corpus

153 3632 249 3698 statui
270 3632 305 3695 in
326 3630 450 3718 capella
469 3631 612 3696 nondum
634 3643 831 3717 consecrata3
853 3632 939 3697 unde
960 3633 1064 3698 facula
1086 3640 1134 3696 est
1155 3629 1269 3696 tumul·

154 3727 205 3782 tus
234 3726 267 3781 et
295 3715 443 3804 planctus
472 3738 607 3801 magnus
635 3720 669 3780 in
720 3717 833 3802 epulo,
862 3719 938 3803 quia
966 3715 1078 3781 dilexit
1105 3713 1212 3780 locum
1238 3725 1270 3780 et

152 3799 308 3886 populum
330 3824 388 3886 pre
403 3800 562 3864 omnibus.
604 3801 683 3866 Post
695 3741 781 3866 baec
795 3799 895 3865 multo
908 3810 1052 3886 tempore
1071 3799 1269 3864 inhumatum

154 3905 270 3970 corpus
292 3885 333 3950 ab
355 3882 468 3949 incolis
489 3883 535 3949 ibi
561 3883 833 3972 frequentabatur.
876 3884 1083 3950 Laodicensis
1105 3905 1180 3949 vero
1203 3883 1268 3969 epi-

152 3989 269 4053 scopus
292 3991 366 4034 cum
389 3967 459 4034 aliis
481 3969 537 4056 qui
550 3969 620 4055 regi
634 3967 874 4051 rebellaverant,
897 3990 969 4032 cum
983 3967 1129 4033 viderent
1149 3989 1184 4034 se
1199 3989 1268 4033 esse

151 4051 319 4118 destitutos
341 4063 442 4118 morte
464 4054 677 4140 imperatoris,
703 4051 909 4140 Aquasgrani
930 4052 972 4117 ad
994 4052 1194 4118 dedicionem
1215 4073 1268 4119 vc·

239 4195 261 4249 a)
279 4199 348 4240 excit.
363 4211 421 4242 corr.
438 4200 532 4242 exercit.
549 4210 566 4240 a
627 4197 651 4254 b)
668 4209 678 4239 a
693 4209 752 4241 corr.
767 4209 785 4242 a
845 4195 867 4252 c)
880 4203 932 4250 post
946 4199 997 4241 odd.
1013 4209 1031 4239 a.

14 4232 23 4358 l
