3156 4882
460 287 627 340 ANNALES
646 287 1005 344 HILDESHEIMENSES.
1256 289 1290 340 47

260 455 331 519 Ind.
354 455 384 534 9,
409 454 500 520 1056.
544 454 663 538 Magna
691 452 784 518 cedes
806 475 826 516 a
846 455 991 520 barbaris
1014 457 1070 542 qui
1091 456 1222 520 Liuttici
1245 457 1289 521 di-

177 546 291 602 cuntur
312 539 346 601 in
367 537 557 602 christianos
578 537 664 602 facta
685 545 747 620 est3
771 559 906 623 quorum
929 539 1059 624 quidam
1080 539 1197 625 gladio,
1223 541 1290 626 qui-

177 621 251 685 dam
282 621 439 706 fugientes
478 622 512 684 in
544 642 628 685 aua
667 622 846 706 perierunt3
880 623 962 687 inter
994 645 1074 708 quos
1107 622 1290 688 Willehalm

177 705 329 790 marchyo
357 705 522 768 occiditur.
607 703 708 768 isdem
740 705 938 790 temporibus
970 705 1061 770 multi
1092 707 1290 771 diversarum

177 789 416 874 provinciarum
437 787 597 873 principes
619 787 789 872 perierunt.
833 789 950 853 Fames
971 789 1086 854 multas
1115 791 1290 874 provintias

177 871 301 936 afflixit.
344 871 481 955 Egestas
503 881 535 934 et
555 871 689 956 penuria
709 870 850 956 undique
878 872 1043 958 prevaluit.
1085 873 1186 938 Multa
1207 873 1291 938 mala

177 963 252 1018 tunc
274 956 425 1040 temporis
447 955 532 1018 facta
552 964 635 1018 sunt.
679 953 849 1018 Heinricus
870 957 1043 1040 imperator
1064 957 1112 1020 his
1128 955 1290 1022 doloribus

178 1038 367 1103 cordetenus
383 1047 604 1136 compunctae,
627 1037 781 1102 infirmari
796 1040 917 1137 coepit,
939 1049 971 1103 et
992 1039 1165 1124 perductus
1187 1061 1289 1126 usqne

177 1121 219 1185 ad
234 1131 378 1202 mortem,
401 1122 537 1206 saplenti
551 1131 659 1185 tamen
680 1143 757 1184 usus
780 1121 921 1205 consrlio,
934 1123 986 1188 'ab
1009 1123 1156 1188 omnibus
1172 1125 1289 1210 quibus

177 1206 281 1290 potuit
301 1205 427 1268 veniam
448 1213 570 1290 petens,
600 1201 791 1290 quibusdam
812 1205 925 1291 predia
946 1228 1028 1294 quae
1049 1207 1181 1272 abstrdit
1201 1208 1289 1272 resti-

177 1297 279 1370 tuens,
307 1290 429 1352 cunctis
451 1288 507 1373 qui
528 1293 638 1351 contra
659 1309 733 1351 eum
762 1288 815 1358 cul
837 1311 872 1352 as
902 1289 1121 1376 dampnabiles
1147 1291 1360 1356 1000001051-

176 1371 334 1454 relaxans,
361 1370 461 1435 filium
483 1393 576 1435 suum
598 1371 786 1436 Heinricum
809 1313 945 1438 domani
971 1375 1131 1459 pontificis
1152 1386 1290 1440 caetero-

177 1477 313 1540 rumque
360 1453 522 1518 ontificum
543 1465 579 1520 et
608 1455 788 1541 principum
810 1455 962 1523 electione
986 1481 1095 1542 regem
1117 1459 1290 1523 constituit.

178 1539 240 1602 His
262 1550 294 1603 et
314 1478 394 1620 aliis,
416 1547 512 1624 prout
534 1537 728 1623 possibilitas
750 1540 833 1604 vitae
855 1539 993 1622 admisit,
1015 1539 1096 1605 bene
1119 1542 1289 1627 dispositis,

179 1621 209 1686 3.
231 1621 313 1686 Non.
338 1622 407 1688 Oct.
430 1622 513 1686 hanc
535 1623 634 1686 vitam
656 1631 836 1708 presentem
857 1625 891 1686 in
911 1624 983 1688 Deo
1007 1625 1117 1688 finivit.

261 1705 332 1770 Ind.
354 1707 384 1788 9,
417 1727 500 1770 anno
530 1705 662 1770 Domini
686 1707 777 1772 1057.
820 1707 1007 1792 Heinricus,
1036 1707 1120 1772 filius
1146 1708 1290 1772 Heinrici

175 1789 389 1876 imperatoris,
412 1788 585 1854 admodum
612 1812 691 1887 puer
713 1811 769 1854 coe
794 1791 819 1854 it
840 1813 983 1876 regnare.
1025 1790 1134 1876 Agnes
1156 1793 1291 1877 impera

176 1875 256 1955 trix,
294 1882 395 1936 mater
426 1873 527 1956 ipsius
562 1872 721 1954 Hemrici,
756 1883 911 1938 ¹ucatum
943 1877 1083 1960 suscepit
1114 1875 1289 1940 Baioariae.

178 1957 290 2020 Victor
317 1977 417 2040 papa,
447 1953 555 2017 multis
584 1956 618 2016 in
641 1953 814 2018 Germania
842 1955 923 2020 bene
945 1957 1125 2042 dispositis,
1155 1959 1307 2024 Romam
1381 2026 1384 2029 ,

178 2039 273 2103 rediit
299 2047 330 2101 ct
352 2037 463 2100 eodem
485 2057 567 2103 anno
589 2037 691 2100 vitam
711 2037 830 2120 finivit,
856 2060 914 2136 pro
938 2061 1000 2124 quo
1021 2041 1213 2124 Fridericus,
1235 2043 1291 2127 qui

179 2131 210 2186 et
239 2119 437 2206 Stephanus,
469 2119 566 2183 frater
598 2119 766 2184 Godefridi
798 2123 902 2204 ducrs,
934 2123 999 2186 iam
1030 2123 1225 2189 monachusa
1257 2127 1291 2188 in

178 2214 286 2270 monte
309 2202 442 2268 Cassino
464 2203 578 2284 factus,
600 2225 619 2266 a
639 2204 791 2268 Romanis
813 2205 958 2290 pontifex
972 2208 1184 2272 constituitur.
1228 2207 1290 2272 Hic

179 2289 274 2354 etiam
306 2286 419 2351 eodem
451 2308 534 2351 anno
565 2285 653 2352 obiit.
706 2288 788 2353 Item
814 2289 962 2355 obierunt
983 2289 1143 2356 Adelbero
1166 2290 1290 2356 Baben·

177 2369 343 2456 bergensis
365 2373 535 2456 episcopus
557 2379 589 2435 et
610 2370 708 2436 Ottho
731 2371 798 2435 dux
815 2372 859 2438 de
883 2373 1067 2439 Suinvurdi.

261 2453 332 2519 Ind.
358 2455 405 2535 11,
430 2455 521 2518 1050.
563 2453 764 2540 Liuppoldus
785 2457 1056 2540 Mogontiacensis
1078 2458 1289 2543 archiepisco-

200 2561 238 2602 us
254 2538 347 2618 obiit3
368 2558 426 2620 pro
442 2557 505 2622 quo
522 2535 658 2600 Sifridus
673 2537 886 2602 Fuldensis
901 2541 1110 2603 constituitur.
1155 2540 1290 2606 Sanctus

177 2561 270 2687 llono
292 2619 498 2683 Trevirorum
520 2619 689 2719 episcopus
710 2622 947 2705 martyrizatum
976 2623 1010 2686 in
1031 2623 1158 2688 deserto
1179 2623 1250 2688 loco
1272 2645 1292 2688 a

178 2701 345 2790 scopuloso
360 2710 466 2767 monte
486 2712 534 2767 ter
554 2705 761 2789 precipitatus
783 2715 831 2768 est
851 2705 1083 2770 aTheodorico
1105 2709 1230 2790 comite,
1253 2729 1291 2772 eo

178 2787 266 2938 epod
287 2785 409 2872 absque
430 2784 583 2852 electione
599 2789 788 2852 constitutus
803 2797 859 2870 est,
876 2799 914 2853 -et
928 2789 1077 2876 sepultus
1099 2801 1147 2856 est
1161 2789 1290 2874 Doleia3

177 2873 188 2934 i
211 2872 224 2934 i
244 2893 302 2956 per
322 2868 411 2934 illum
426 2870 585 2934 Dominus
601 2869 700 2935 multa
714 2871 806 2956 signa
826 2881 903 2938 tunc
924 2876 1078 2960 temporis
1099 2874 1183 2940 fecit.
1215 2875 1291 2960 Ipse

178 2976 286 3020 comes
307 2952 567 3040 postmodum
587 2956 815 3040 poenitentiam
836 2977 966 3042 agens,
988 2967 1026 3022 et
1046 2957 1291 3022 Hierosolimam

178 3061 324 3126 pergens,
339 3038 438 3102 vitam
453 3037 568 3128 finivit,
590 3047 628 3102 et
643 3060 752 3102 omnes
768 3042 971 3106 consentanei
992 3041 1076 3106 eius
1091 3041 1175 3106 mala
1190 3049 1290 3106 morte

176 3129 1086 3302 peneiddpfflmliidbiOdibiritrlrsetiirbltuliabenbergensis
1121 3216 1291 3303 episcopus
1372 3241 1374 3246 ·

179 3297 270 3378 obiit3
293 3318 350 3380 pro
366 3319 430 3382 quo
444 3297 660 3362 Herimannus
675 3299 886 3364 constituitur.
925 3300 1097 3366 Gozwinus
1120 3321 1227 3366 comes
1248 3299 1369 3364 obasr.

179 3379 385 3444 exercitatam
406 3381 441 3442 in
463 3381 627 3468 episcopio
649 3381 912 3469 Wirceburgcnsi
933 3384 1081 3448 iniuriam
1102 3383 1291 3450 amilitibus

177 3459 390 3527 Adalberonis
411 3484 428 3526 e
453 3463 555 3550 iscopi
576 3465 741 3531 occiditur.

137 3553 139 3556 '
241 3543 332 3644 'Ind.
354 3545 424 3628 3,1
468 3547 497 3612 6.
542 3545 676 3613 Cometa
695 3548 830 3633 videtur,
854 3557 886 3616 et
903 3547 1026 3636 Anglia
1046 3572 1066 3614 a
1086 3551 1291 3615 Nortmannis

178 3629 345 3776 SUbnllriidi
357 3713 386 3795 7,
411 3711 501 3777 1070.
544 3713 630 3778 Dedi
651 3715 790 3780 marchio
808 3718 881 3802 :regi
901 3717 1055 3782 Heinrico
1077 3715 1218 3782 rebellat.

262 3795 333 3860 Ind.
355 3795 384 3878 8,
409 3796 499 3862 1071.
545 3796 643 3862 Ottho
680 3797 748 3862 dux
781 3801 1002 3866 Baioariae
1037 3801 1106 3886 regi
1139 3799 1291 3866 Heinrico
1408 3835 1413 3842 ·

179 3877 500 4060 Γῗὶ)θ]111111.11,1072.
544 3963 721 4031 00010000
745 3965 906 4052 principes
928 3907 1025 4052 regni
1053 3975 1163 4032 contra
1192 3967 1290 4032 Hein-

178 4065 281 4109 rrcum
301 4069 420 4131 regem.

268 4168 291 4224 a)
308 4173 431 4214 monachos
446 4185 463 4216 e.
