3156 4882
424 293 590 344 ANNALES
609 289 970 358 HILDESVHEIMENSES.
1222 295 1257 345 5³

135 471 228 528 verat
242 472 274 527 et
288 461 446 548 quendam
467 459 629 547 presulem
642 461 771 525 nomine
785 458 989 526 Widelonem
998 472 1020 542 ¹,
1042 461 1099 546 qui
1114 461 1257 526 omnium
1267 481 1333 528 noa

138 545 293 612 scelerum
315 555 347 610 et
371 545 651 626 inmundiciarum,
673 565 755 631 quae
776 553 868 630 pater
893 566 910 608 e
934 553 1010 626 erat,
1033 546 1257 630 spurcissimus

139 639 251 694 auctor
262 631 423 711 existerat,
446 652 489 694 ex
507 627 682 716 apostolica
703 629 892 693 auctoritate
907 567 1100 714 deposuerat
1114 639 1146 694 et
1159 628 1258 694 alium

137 715 171 778 in
192 713 300 778 locum
321 715 399 796 eius,
422 737 517 812 quem
536 735 597 778 rex
618 723 651 777 et
672 711 776 777 clerus
798 711 940 776 eiusdem
961 711 1024 776 loci
1045 711 1151 798 elegit,
1185 736 1258 779 con-

139 800 294 862 stituerat.
337 796 469 862 Interrm
490 818 568 861 vero
589 797 694 860 visum
715 806 764 861 est
786 796 890 860 eidem
913 794 1105 862 Gebehardo
1133 808 1259 884 aposto-

140 881 222 946 licae
238 881 323 946 sedis
344 879 451 966 legato
474 891 506 945 et
519 880 705 945 Ruothardo
727 879 874 966 pontifici
887 881 1086 966 Mogontino,
1107 883 1141 944 in
1162 883 1258 948 ebdo-

140 966 237 1030 mada
257 977 330 1031 ante
376 974 559 1030 entecosten
579 963 697 1030 habere
719 963 890 1028 concilium
911 964 945 1026 in
958 964 1115 1050 Turingia
1135 966 1169 1028 in
1187 965 1258 1031 loco

138 1051 193 1137 qui
219 1049 337 1114 dicitnr
390 1048 542 1114 orthusun
570 1058 602 1114 et
622 1047 810 1114 aecclesiam
833 1057 988 1134 quantum
1017 1050 1195 1135 potuissent
1216 1051 1258 1114 ad

137 1135 310 1221 pristinum
331 1154 482 1200 revocare
512 1143 630 1198 statum
660 1141 692 1196 et
713 1133 876 1218 antiquam
897 1141 1026 1217 patrum
1047 1132 1192 1219 regulam
1212 1135 1258 1200 ihi

138 1218 287 1300 recitare,
310 1217 429 1282 scilicet
449 1219 611 1282 invasores
638 1217 806 1302 episcopos
827 1237 953 1280 necnon
974 1226 1006 1281 et
1027 1238 1081 1282 eos
1104 1218 1160 1304 qui
1180 1228 1258 1284 tunc

138 1313 202 1367 tem
228 1303 291 1366 oris
311 1303 510 1367 intraverant
539 1320 734 1386 symonyace
755 1301 848 1364 vivos
878 1299 1037 1386 deponere
1060 1311 1092 1366 et
1116 1300 1257 1388 sepultos

139 1324 288 1468 effodere,
312 1396 344 1450 et
365 1386 406 1449 ab
429 1386 475 1449 eis
491 1385 650 1450 ordinatos
672 1407 785 1448 manus
806 1386 840 1448 in
865 1385 1037 1450 osioionem
1052 1385 1256 1452 acatholicis

136 1470 290 1554 recipere,
317 1481 349 1535 et
369 1479 522 1534 uxoratos
545 1468 676 1534 clericos
698 1467 822 1532 nullum
868 1469 988 1532 ’vinum
1010 1469 1152 1534 officium
1174 1469 1254 1536 cele-

137 1553 242 1620 brare.
285 1554 347 1618 His
368 1555 414 1618 ita
442 1553 550 1617 divina
571 1554 747 1639 inspirante
768 1553 872 1638 gratia
892 1555 951 1616 rite
973 1551 1154 1639 dispositis,
1182 1577 1252 1637 rex,

135 1639 308 1722 assumptis
338 1635 521 1704 Saxonibus
548 1646 579 1701 et
600 1637 786 1702 Ruothardo
811 1635 1024 1723 archipresule
1049 1637 1248 1724 Mogontino,

134 1723 190 1808 qui
219 1721 276 1786 diu
301 1744 321 1786 a
348 1731 440 1810 patre
461 1744 519 1786 suo
542 1731 610 1786 erat
630 1720 798 1809 expulsus,
827 1731 901 1808 post
921 1729 986 1785 nat.
1012 1723 1115 1786 sancti
1134 1721 1248 1788 Ioban-
1263 1747 1316 1792 run.

133 1807 184 1870 nis
212 1805 372 1892 baptistae
401 1805 443 1869 ad
471 1804 575 1870 Rheni
605 1804 746 1869 fluminis
781 1805 885 1890 ripam
919 1827 1020 1890 usque
1052 1807 1253 1891 perveniunt.

135 1890 277 1954 Econtra
304 1911 381 1954 vero
412 1899 519 1974 pater,
547 1889 602 1974 qui
623 1902 698 1953 tunc
721 1888 905 1973 Mogontiae
927 1911 1003 1952 cum
1031 1891 1097 1952 suis
1126 1893 1252 1972 mansit,

136 1975 305 2037 transitum
320 1975 460 2057 negavit,
483 1982 515 2036 et
529 1982 584 2036 os⁸
600 1994 719 2054 omnes,
741 1973 882 2056 maximq
898 1972 1048 2036 comitem
1062 1971 1251 2057 palatinum,
1262 2001 1278 2045 r.
1290 2001 1335 2044 er.

137 2059 193 2142 qui
221 2056 287 2119 filio
314 2056 531 2120 transmeandi
557 2057 749 2141 promiserat
775 2063 979 2141 apparatum,
1009 2056 1156 2121 mercede
1185 2078 1252 2120 cor-

135 2141 223 2227 rupit
249 2138 447 2226 classemque
470 2140 601 2203 navium
628 2139 670 2203 ad
695 2147 823 2226 portum
849 2137 1009 2203 transtulit
1029 2139 1253 2225 Mogontinum

134 2247 295 2310 manuque
310 2223 446 2288 militum
461 2234 493 2289 et
507 2225 633 2304 civium,
655 2246 696 2289 ne
709 2224 866 2304 transiret,
888 2222 1059 2308 prohibuit.
1102 2222 1148 2290 At
1166 2223 1252 2290 filius

133 2308 247 2374 videns
269 2331 303 2373 se
325 2309 425 2394 patris
446 2309 595 2395 potencia
615 2316 804 2394 preventum
830 2317 861 2372 et
882 2330 916 2372 se
937 2329 1002 2371 non
1030 2330 1125 2394 posse
1153 2317 1254 2374 trans-

134 2413 251 2475 meare,
278 2393 485 2519 Moqontinus
507 2393 637 2456 antistes
659 2393 849 2538 Turinlqiam
870 2393 1055 2475 revertitur3
1085 2393 1154 2478 ipss
1176 2415 1252 2458 vero

134 2476 333 2541 Werzeburc
375 2476 475 2541 adivit
495 2486 527 2540 et
547 2476 734 2561 episcopum
786 2474 924 2557 rlolfum,
946 2498 1042 2561 quem
1063 2486 1154 2562 pater
1175 2499 1252 2540 suus

133 2561 255 2626 ibidem
278 2560 451 2641 constituit,
472 2559 620 2646 deposuit
641 2569 674 2624 et
693 2555 881 2644 Rripcrtum,
903 2558 1046 2624 eiusdem
1068 2561 1252 2624 monasterii

134 2644 342 2730 prepositum,
362 2643 469 2707 fecite
494 2643 651 2728 iscopum.
694 2641 841 2727 Cumque
861 2664 920 2729 per
934 2641 1002 2708 dies
1022 2642 1063 2707 ali
1087 2643 1152 2708 uod
1173 2644 1252 2709 inibi

134 2737 325 2808 moraretur,
354 2727 397 2791 ad
423 2727 471 2790 Ra
497 2725 640 2790 ‘sbonam
668 2726 784 2790 iterum
811 2726 988 2790 revertitur.
1041 2665 1094 2791 Ad
1122 2726 1252 2792 vincula
1260 2748 1318 2798 sug.
1328 2750 1348 2788 ι.

133 2834 210 2878 vero
226 2812 328 2877 saneti
341 2811 429 2877 Petri
449 2821 541 2896 pater
555 2811 633 2891 eius,
649 2807 779 2876 collecto
794 2811 947 2892 exercitu,
969 2811 1148 2897 insequitur
1162 2833 1252 2896 eum3

134 2919 193 2983 per
207 2896 386 2959 Bawariam
408 2896 469 2960 iter
490 2917 582 2958 suum
604 2893 731 2977 direxit,
753 2904 784 2958 et
806 2904 861 2958 os⁸¹
884 2915 993 2959 omnes
1015 2916 1095 2980 quos
1115 2904 1251 2980 poterat,

134 2981 190 3078 qui
211 2978 276 3044 filio
299 2978 504 3062 adherebant,
525 2978 680 3043 vastando
702 2989 734 3044 et
754 2979 829 3064 igne
844 2977 1014 3042 cremando
1030 2979 1197 3060 consumit,
1218 2989 1251 3044 et

136 3085 182 3128 src
209 3063 250 3127 ad
272 3060 489 3128 Radisbona'rn
518 3063 564 3128 ire
586 3061 766 3144 contendit,
795 3063 851 3127 ubi
874 3060 975 3125 lilium
997 3084 1066 3126 esse
1089 3064 1248 3147 cognovit.

134 3147 180 3214 Ut
200 3156 307 3212 autem
327 3148 410 3212 filius
431 3146 563 3228 audivit,
615 3157 715 3212 atrem
738 3167 780 3209 ex
800 3146 964 3245 inproviso
985 3147 1058 3212 urbi
1078 3147 1250 3233 appropin-

135 3253 249 3320 quare,
278 3233 336 3294 vix
357 3231 495 3296 abcessit
523 3240 555 3295 et
604 3233 714 3295 uvium
741 3231 796 3316 qui
817 3230 934 3296 droitur
953 3230 1066 3330 Regen
1087 3251 1160 3294 cum
1183 3232 1249 3295 suis

134 3314 360 3380 transvadavit.
404 3313 488 3379 Cum
509 3337 585 3380 vero
607 3326 742 3414 uterque
764 3336 874 3379 eorum
902 3313 1055 3400 paulat1m
1078 3336 1152 3378 suos
1175 3336 1248 3378 oon-

133 3407 290 3498 gregaret,
312 3409 345 3463 et
365 3398 431 3463 dux
453 3399 584 3463 Boemie
613 3408 698 3484 patn
717 3400 752 3462 in
773 3397 929 3463 auxilium
947 3398 1119 3480 adveniret,
1140 3399 1250 3462 nuncii

132 3491 216 3548 mter
238 3503 293 3546 eos
314 3481 375 3546 diri
419 3491 503 3562 ntur,
525 3483 552 3545 si
574 3482 756 3568 quomodo
778 3491 908 3569 possent
928 3481 970 3546 ad
991 3503 1104 3568 pacem
1126 3481 1247 3546 reduci.

135 3566 201 3634 Sed
230 3587 302 3629 curn
329 3504 419 3629 nullan
436 3588 510 3664 spes
526 3567 747 3664 'recuperande
775 3567 866 3654 pacis
886 3565 939 3630 vel
960 3565 1129 3631 concordie
1155 3566 1248 3649 foret,

133 3662 166 3718 et
186 3673 261 3800 pars
277 3672 353 3714 suae
374 3648 584 3714 multitudmis
606 3662 770 3736 pugnaress
790 3673 855 3716 non
875 3651 1006 3714 auderet
1027 3659 1059 3714 et
1079 3649 1145 3713 filio
1160 3648 1247 3714 nullo

133 3757 185 3800 mo
210 3757 229 3801 o
250 3735 382 3884 ppsset‘¹
396 3735 553 3814 resistere,
575 3745 668 3798 nocte
683 3755 757 3798 oum
771 3735 882 3820 paucis
896 3733 1089 3798 fidelissimis
1104 3732 1248 3816 elabitur,

135 3829 167 3886 et
179 3843 238 3906 per
282 3819 418 3884 oemiam
434 3817 672 3906 Saxoniamque
688 3839 762 3881 curn
775 3839 894 3903 magna
908 3817 1095 3883 difficultate
1110 3817 1248 3883 saltuum

221 3997 244 4052 a)
260 4001 275 4042 i.
291 4011 308 4040 c.
324 4001 374 4042 hos.
435 3999 459 4053 b)
475 3999 603 4042 Wezeburc
618 4010 635 4040 c.
703 3995 724 4049 c)
740 4001 927 4049 pugnatorem.
941 4009 1045 4050 pugnare
1061 4011 1079 4042 c.
1140 3998 1164 4053 d)
1180 4012 1249 4053 pom

131 4071 190 4100 corr.
207 4063 291 4108 posset.
308 4071 325 4098 e.

226 4196 254 4260 l)
273 4196 445 4250 Miadertsem.
